3792 4842
559 172 665 257 'Dr
714 172 997 260 Burrieno.
1089 281 1114 303 .,
1398 184 1478 278 717'

111 368 193 430 vem
217 345 396 447 aliquam,
429 368 479 426 ex
503 345 724 446 nescioquo
755 347 843 425 coeli
868 349 1021 447 palatio,
1064 348 1102 425 in
1127 371 1263 449 corpus
1299 349 1476 452 proselyti

110 451 232 534 mitti,
259 448 448 550 postquam
472 446 542 525 alas
565 445 710 526 Diuinae
730 445 922 545 Maiestatia
945 449 1073 537 subiit,
1115 451 1296 529 &osculo
1318 454 1475 550 ejusde·

110 564 231 629 corate
254 548 314 625 esi
378 548 474 643 Quae
494 547 554 627 vel
578 548 720 627 nullutn
738 549 966 627 tolerabilem
995 547 1136 627 sensum
1159 549 1313 640 habent,
1352 550 1406 628 vel
1427 574 1474 629 ar·

108 648 305 749 nigmatice
325 647 524 749 significant
546 651 858 748 regenerationem
877 671 943 749 per
962 647 1138 749 Spiritum
1162 647 1249 729 Dei.
1315 649 1374 730 lll.
1402 648 1475 729 Re-

110 753 388 849 generationem
424 748 520 828 hanc
539 747 825 847 consequebatur
846 772 942 827 nova
966 752 1150 850 cognatio.
1218 749 1322 830 Adeo
1343 767 1384 830 ut
1402 774 1474 830 nec

107 850 277 935 fratrem,
305 849 490 943 sororem,
528 864 719 946 patentes,
748 848 880 927 liberos
911 865 994 929 ante
1019 851 1196 950 genitos,
1224 856 1380 930 omnino
1399 873 1471 951 pto

60 993 68 1013 ·
108 949 179 1027 suia
195 949 372 1026 habetet:
398 965 506 1050 atque
532 971 578 1026 ex
597 951 871 1049 regeneratione
890 948 1099 1047 hujusmodi
1121 950 1219 1027 nulla
1240 953 1394 1049 amplius
1416 973 1471 1026 re·

106 1049 214 1127 staret
232 1052 404 1150 cognatio
418 1048 586 1150 gentilia,
612 1066 672 1128 aut
689 1049 896 1147 gentilitatis
914 1066 1081 1147 ternpore
1103 1066 1204 1137 orta,
1228 1053 1470 1150 quemadmo-

105 1148 198 1228 dum
221 1149 295 1227 fere
327 1154 402 1241 iure
428 1150 590 1232 Caesareo
611 1148 693 1247 pust
712 1145 1024 1233 manumissionem
1048 1149 1146 1227 nulla
1161 1153 1334 1249 cognatio
1361 1150 1467 1227 servi·

106 1249 162 1326 lis.
217 1247 316 1329 Hinc
339 1259 457 1327 Tacina
475 1252 585 1343 Hijlor.
600 1248 666 1324 Lib.
682 1271 715 1325 v.
766 1256 838 1326 Nec
854 1257 1020 1350 quicquam
1040 1258 1119 1344 ptius
1140 1251 1339 1336 imbuuntur,
1369 1277 1465 1352 quam

101 1370 264 1446 permees,
286 1352 415 1439 liberor,
426 1355 546 1453 fratrer
561 1351 638 1423 vilia
655 1340 995 1524 hebernponfetti
1016 1349 1157 1448 potest,
1186 1356 1259 1425 Luc.
1280 1373 1365 1426 xlv.
1377 1364 1436 1429 26.
1502 1411 1592 1473 Μ

159 1444 238 1529 Vll.
265 1450 426 1528 Primum
448 1451 554 1550 hujus
564 1446 733 1547 Baptismi
755 1470 858 1527 uum
881 1447 1056 1528 arcessunt
1071 1467 1101 1522 ε..
1123 1454 1190 1517 σά..
1215 1456 1328 1537 aazia.
1356 1450 1460 1537 Sunt,
1477 1484 1561 1555 ...μ
1591 1431 1634 1474 '¹'

105 1552 174 1649 qui
194 1549 404 1628 Patriarchae
426 1547 568 1648 Jacobo
584 1548 805 1633 adscribant,
831 1546 1081 1626 Sichemitidau
1100 1550 1259 1650 puellas,
1287 1550 1459 1650 aliosque,

96 1648 103 1657 ’
134 1653 173 1729 ui
196 1648 293 1749 apud
318 1651 435 1749 ipsum
470 1649 593 1728 versati
616 1647 776 1734 suetant,
821 1647 1007 1737 ethnicos,
1036 1652 1075 1726 in
1103 1651 1300 1736 familiam,
1337 1646 1462 1730 Eccle-

105 1673 266 1850 Eamque
290 1749 387 1828 suam
412 1748 676 1833 domesticam,
711 1750 921 1846 coaptanti:
952 1756 1037 1851 quia
1056 1749 1188 1829 dicitur
1210 1757 1317 1844 Genefi
1349 1773 1460 1827 xxxa.

105 1871 141 1928 2.
167 1857 262 1926 Dixit
277 1852 404 1943 Jacobn
413 1851 543 1946 familia
553 1852 648 1943 fate,
686 1847 906 1948 omnibufifue,
935 1858 991 1950 qui
1006 1878 1077 1927 eam
1098 1879 1130 1926 eo
1150 1871 1256 1937 nant,
1284 1870 1422 1926 aanwete
1439 1879 1463 1926 a

104 1952 190 2024 vobit
211 1959 292 2024 Deos
313 1954 442 2037 alienos,
465 1954 610 2018 innunt·
634 1946 682 2038 fid
701 1949 912 2035 mundandas,
941 1948 987 2038 &⁹
1010 1971 1129 2027 mutate
1147 1958 1322 2033 ueliimenta
1344 1956 1454 2046 uejlra.

104 2047 180 2127 Ubi
208 2054 298 2127 Aben
327 2062 406 2132 dara
425 2075 557 2130 vocent
582 2052 776 2127 mundamini
798 2052 1053 2149 interpretatur
1074 2053 1152 2147 qun
1172 2054 1304 2147 tenuta
1326 2075 1391 2153 per
1417 2055 1462 2126 lo-

101 2157 216 2226 tionem
248 2157 382 2243 corporis.
457 2152 528 2227 Alii
557 2153 717 2248 primum
746 2149 916 2248 Baptismi
943 2150 1050 2246 hujus
1078 2154 1346 2239 testinnonium,
1391 2148 1464 2229 five
1571 2162 1575 2167 '

103 2249 235 2334 usum,
260 2251 409 2326 eliciunt
428 2248 553 2324 exilio
573 2247 619 2324 ad
641 2246 796 2332 Mosen,
823 2251 918 2323 deod.
933 2271 1022 2325 xrx.
1040 2273 1096 2326 10.
1133 2254 1221 2326 Vade
1237 2254 1283 2325 ad
1305 2253 1461 2346 papulam,

103 2346 156 2434 89⁹
169 2352 325 2444 fiendiifica
345 2347 515 2423 masnade
535 2344 581 2436 Ed
598 2373 699 2433 oar,
737 2344 904 2447 laventque
920 2353 1098 2440 vestimenta
1113 2351 1184 2442 sara.
1249 2348 1460 2447 ltetunrque

102 2444 163 2524 lis.
196 2472 251 2544 14
302 2452 554 2544 Etsnndi'nscnuit
567 2448 730 2541 populum,
755 2445 801 2534 ἓξ
819 2451 967 2525 nonum
986 2453 1159 2544 onsnnenta
1179 2451 1245 2541 sua.
1297 2446 1464 2526 ltavcsti·

101 2561 317 2624 mentorum
344 2549 527 2627 ablutione
551 2571 679 2627 eorum
730 2550 766 2623 ui
789 2548 1026 2626 vestiebantur
1046 2550 1271 2626 ablutionem
1297 2552 1463 2626 contine·

101 2648 155 2733 ri,
182 2648 238 2723 vel
266 2649 437 2735 indicati,
461 2647 645 2731 volebant.-
694 2568 833 2724 lqlefum
853 2646 1189 2726 hacincernsunt.
1243 2649 1462 2745 Congruen.

100 2749 177 2825 tius
205 2747 348 2847 loquuti
370 2747 533 2843 fuissent,
571 2747 597 2824 si
622 2770 706 2826 cum
728 2744 839 2825 Paulo
860 2747 984 2824 nostro
1004 2746 1264 2834 observassent,
1292 2745 1462 2826 israelitae

99 2848 185 2922 nabe
206 2845 252 2935 Ed
270 2857 349 2922 man·
377 2851 546 2943 baptizatos
563 2853 617 2945 effe
639 2856 672 2922 in
688 2847 804 2941 Mosen.
848 2872 864 2923 1
885 2855 956 2922 Cor.
971 2870 1006 2924 x.
1039 2872 1071 2934 r,
1089 2870 1122 2927 2.
1148 2870 1219 2947 qua
1236 2847 1282 2924 de
1300 2870 1339 2921 re
1358 2847 1461 2943 supra

98 2946 433 3027 susedilseruinaua.
504 2946 727 3045 Probabilius
754 2947 823 3031 eil,
879 2947 954 3025 uod
981 2948 1065 3023 alibi
1101 2947 1267 3032 tradunt,
1292 2961 1461 3043 tempore

97 3045 255 3126 Davidia
274 3073 315 3126 ac
329 3048 555 3135 Salomonis,
583 3071 697 3147 quum
714 3045 858 3123 florenti
900 3071 958 3125 naa
978 3044 1062 3125 elset
1085 3046 1318 3125 lsrailitatutn
1337 3046 1459 3142 respu-

99 3147 223 3233 blica,
249 3150 436 3247 ingentem
458 3148 722 3248 proselytorum
745 3169 938 3224 numerum
955 3148 1133 3242 baptismo
1152 3149 1329 3224 initiatum
1340 3142 1452 3223 fuisse.

98 3246 182 3344 Qui
202 3247 306 3346 pluto
324 3248 368 3325 de
393 3248 569 3346 baptismo
589 3247 663 3324 hoc
682 3247 787 3332 scite,
812 3246 958 3344 ipsaque
981 3244 1220 3325 Hebraeorum
1249 3246 1453 3325 testimonia

97 3348 325 3448 cognoscere
346 3345 536 3436 desiderat,
578 3347 680 3424 adeat
704 3346 866 3421 Seldennm
889 3349 929 3419 de
946 3349 1020 3436 jure
1043 3356 1179 3422 Nature
1201 3345 1246 3435 ἐφ’
1266 3354 1356 3420 Geat.
1382 3346 1452 3422 Lib.

98 3473 159 3524 11.
184 3454 260 3539 Cap.
291 3472 343 3522 tt.
373 3449 409 3525 dt
438 3472 485 3526 tv.
541 3444 723 3544 Itemque,
757 3445 1040 3536 deSuccffonibua
1058 3451 1104 3522 nd
1124 3456 1212 3544 Leges
1230 3447 1450 3531 Hebraeorum,

95 3558 179 3641 Cap.
206 3570 314 3624 xxvi.
374 3545 528 3634 Rufina,
564 3547 604 3621 de
620 3546 795 3645 synedris,
826 3546 892 3618 Lib.
918 3570 949 3620 1.
977 3554 1054 3640 Cap.
1081 3572 1160 3625 111.
1195 3546 1455 3643 &Licinianum

92 3652 142 3724 nd
159 3647 309 3832 Marti}3
320 3669 368 3836 ΙΙΙ
386 3672 415 3723 1.
431 3650 491 3735 ‚ss
526 3659 560 3723 6.
598 3644 790 3741 &Astingii
813 3646 1057 3745 Differtationrm
1090 3650 1146 3723 de‘
1164 3650 1318 3748 Proselyti
1367 3643 1452 3738 Tlefi

92 3770 196 3827 xxvt
209 3771 238 3820 1.
339 3775 384 3823 e.
964 3766 968 3773 ⁴

159 3845 260 3925 Vlll.
300 3772 486 3946 Quqicquid
505 3842 546 3923 lit
565 3844 611 3920 de
629 3843 716 3922 ritua
738 3842 832 3922 illius
853 3843 1088 3942 antiquitate.
1121 3868 1198 3923 nnn
1219 3843 1334 3939 potest
1355 3844 1449 3921 illins
1501 3847 1641 3935 Divina·

12 4044 14 4049 ·
93 3942 237 4025 Divina
260 3946 433 4023 institutio
449 3943 633 4045 assignari,
671 3960 862 4043 antequam
895 3939 1101 4042 Johannea,
1133 3945 1262 4023 Christi
1289 3959 1446 4021 anteana·
1468 3921 1643 4059 22⁵3}ss

12 4058 14 4061 ’
94 4048 190 4123 bulo
212 4101 222 4132 ,
246 4046 290 4123 ad
310 4045 563 4143 baptizandum
584 4068 604 4121 a
624 4040 710 4121 Deo
725 4039 845 4119 tnislua
865 4046 923 4119 est.
975 4043 1028 4120 llli
1050 4047 1148 4120 eninr
1167 4044 1205 4119 id
1226 4043 1384 4120 disertitn
1408 4049 1446 4120 in
1470 4075 1528 4113 mus
1549 4074 1602 4112 „aa

78 4143 275 4223 mandatis
297 4145 347 4221 est
376 4146 521 4231 datum,
544 4147 629 4242 frasso
652 4144 697 4219 ad
719 4170 790 4218 eum
806 4141 898 4215 uerbo
919 4147 1056 4218 Domini.
1102 4151 1176 4217 Luc.
1206 4166 1287 4218 111.
1315 4163 1346 4218 2.
1377 4145 1445 4234 job.
1469 4124 1640 4262 mm

96 4270 129 4323 1.
146 4267 206 4338 33·
259 4243 359 4322 Patet
379 4245 465 4325 hinc
487 4247 658 4332 interint,
686 4243 782 4321 unde
802 4239 932 4317 fanum
955 4239 1018 4327 sit,
1042 4242 1143 4338 quod
1160 4242 1294 4319 Scribae
1308 4239 1449 4319 acPha-
1469 4257 1625 4329 anm

91 4346 186 4424 tisaei
211 4367 287 4425 nun
307 4344 470 4445 legantur
486 4341 647 4444 Johanni
661 4342 762 4422 litem
787 4340 834 4417 de
854 4342 1031 4437 baptismo
1051 4341 1115 4420 suo
1133 4341 1342 4428 intendisse,
1372 4357 1451 4418 tan-

393 4498 397 4506 ·
725 4438 933 4533 ·Xxxx3
1018 4516 1055 4533 ,,
1248 4441 1444 4522 tummodo
1546 4536 1548 4541 X
