3792 4842
173 254 218 291 α
612 161 691 248 De
728 166 1020 252 ,usssssssot
1414 172 1493 270 ’555

70 362 82 397 t
128 337 291 426 ordine,
319 331 536 414 dtffimussso
555 345 677 414 tamen
693 334 810 417 Voffii
835 342 1013 427 nomine,
1040 336 1179 419 Lexsco
1198 336 1263 418 suo
1284 332 1487 439 Antiquita-

121 458 211 525 ‚tum
232 434 554 521 Ecclesiasticarum
567 457 598 528 p.
614 449 673 513 66.
689 436 838 517 inseruit
848 442 943 533 ,scisses
954 442 1105 516 Aradios.
1159 438 1201 517 11.
1223 439 1325 518 Licet
1344 446 1486 523 annisu

127 545 280 643 proprie
303 534 477 638 significet
500 558 689 638 mergere,
718 553 840 616 tameo
867 543 976 619 etiam
1000 538 1202 640 generalius
1227 539 1413 638 usurpatur
1434 540 1482 616 de

127 642 374 743 qualicunque
391 634 599 733 ablutione;
619 653 659 715 ut
679 645 754 714 Luc.
775 662 835 717 xr.
855 650 912 731 38.
945 637 1044 718 Bene
1065 662 1155 740 ergo
1174 647 1346 717 [15515155
1363 646 1477 719 asoto.

23 818 28 827 ,
128 744 270 865 Distinss.
296 758 377 856 ¹.¹¹·
404 739 512 859 Qst·
536 756 670 907 5515555.
691 760 773 816 vn.
798 748 844 863 'sn
862 740 1005 834 septifluo
1021 742 1143 865 aliquid
1167 744 1206 833 est
1224 742 1264 816 de
1282 740 1421 836 qffentin,
1441 759 1481 816 ur

128 836 1282 934 3
1298 841 1478 1037 aas

16 1126 18 1153 ι
125 965 1271 1235 11.050551055505050505555511555
1291 1041 1477 1218 500

126 1233 1476 1456 111110111111111115ἶὲ.31111111111118115111111
1508 1426 1512 1432 ,

117 1436 436 1556 5515511555115555
454 1432 631 1554 Leviticae
641 1460 652 1530 ;
681 1436 820 1517 constat
837 1452 958 1515 tamen
971 1438 1081 1521 inde,
1104 1438 1385 1556 applicationem
1396 1440 1476 1515 sau-

118 1560 254 1639 guinis
272 1537 309 1615 de
329 1533 482 1635 Spiritus
502 1533 663 1621 Christi,
689 1537 908 1636 quasideses
936 1537 1040 1617 Novi
1062 1535 1281 1616 Testamenti
1301 1535 1473 1637 gaudent,

125 1633 363 1737 adspersionis
396 1635 465 1711 ritu
486 1634 683 1713 commode
711 1636 934 1715 obumbrari.
983 1637 1075 1733 Quo
1105 1634 1242 1714 disertis
1267 1636 1384 1713 uerbis
1407 1660 1475 1712 uos

15 1768 16 1771 ’
127 1736 233 1817 ducit
249 1732 461 1833 Apostolus,
487 1732 566 1808 Hes».
592 1756 648 1812 rx.
670 1757 724 1827 13.
753 1760 808 1832 14.
850 1744 941 1811 Num
951 1734 1113 1835 fisangur't
1126 1757 1288 1811 tammum
1311 1733 1357 1822 &⁹
1380 1736 1476 1811 hireo-
1596 1766 1605 1775 ·

121 1862 224 1923 rum,
247 1832 293 1923 88
312 1837 383 1911 cinti
387 1835 528 1925 juvenca
542 1834 572 1911 A
586 1857 614 1909 n
628 1858 711 1912 seu
724 1859 785 1912 uo
797 1858 819 1912 ε
831 1860 886 1913 us
906 1846 1101 1937 inquinatos,
1121 1835 1331 1935 [5585155855
1346 1837 1391 1908 ad
1407 1862 1476 1910 car·

128 1941 377 2031 nripurr'tsten:
400 1953 516 2034 quanto
534 1936 627 2032 mags
641 1938 769 2033 sangnis
788 1935 898 2029 Cbn'jie‘
919 1937 1102 2012 unmdubie
1123 1937 1329 2029 conscientiam
1346 1938 1478 2025 55115555

15 2038 17 2051 ’
130 2034 463 2130 amorruirspers'sus?
483 2030 547 2112 IV.
576 2037 752 2120 Accedit.
778 2035 881 2135 quod
897 2050 975 2116 tota
997 2035 1099 2114 Novi
1118 2033 1338 2113 Testamenti
1362 2037 1472 2121 tatio,

129 2136 239 2311 glane
266 2134 312 2211 ad
335 2133 546 2229 nfacilitatem
564 2154 606 2208 ac
624 2133 826 2210 libertatem
847 2133 1073 2231 composita,
1099 2134 1267 2212 tenellam
1285 2132 1475 2212 infantium

158 2229 435 2329 aptizandorum
456 2237 623 2314 entem,
643 2230 839 2325 pracsertim
861 2234 899 2308 in
920 2232 1086 2309 traslibus
1111 2232 1472 2330 septentrionalibus,

130 2327 419 2409 adenudationss
441 2328 479 2406 dr
502 2326 741 2406 immersionis
760 2328 878 2407 totalis
905 2326 1108 2407 necessitate
1133 2329 1296 2408 absolves.
1349 2332 1472 2427 Quae,

131 2427 267 2507 etiamsi
279 2423 425 2506 fortassis
437 2424 509 2503 fine
522 2428 602 2504 vitae
619 2426 847 2515 discrimine,
873 2445 1087 2519 nontamen
1107 2425 1184 2509 fine
1195 2430 1317 2529 aliquo
1332 2431 1476 2519 incom-

131 2527 251 2606 modo
270 2526 405 2606 fierent
458 2524 504 2603 V.
526 2526 675 2606 Addunt
695 2528 806 2627 aliqui
833 2581 845 2616 ,
878 2529 1033 2625 antiquis
1068 2529 1322 2627 temporibus,
1343 2531 1475 2628 quibus
1625 2566 1639 2587 ··

129 2627 285 2707 candida
304 2625 507 2726 fimplicitas
539 2629 651 2726 magis
683 2628 853 2729 uigebat,
880 2627 1115 2727 baptizandos
1140 2627 1289 2704 honeste
1314 2627 1476 2710 denuda·
1556 2632 1564 2647 '

129 2742 190 2807 tos
208 2725 308 2806 fuisse
327 2744 446 2805 totos:
471 2726 529 2803 sed
547 2731 736 2825 postquam
753 2742 791 2804 ut
809 2728 992 2814 aliorum,
1013 2729 1061 2804 ita
1075 2749 1226 2812 eorum,
1243 2728 1374 2830 quibus
1388 2730 1477 2827 bap·

46 2872 56 2890 ·
109 2829 225 2908 'tismi
244 2825 501 2905 administratio
517 2829 717 2915 incumbit,
740 2830 896 2905 accrevit
907 2830 1086 2927 nequitia,
1110 2830 1332 2926 experientia
1349 2826 1387 2903 id
1407 2828 1477 2905 toti

128 2929 214 3008 orbi
228 2927 321 3006 clare
339 2926 486 3005 testante
506 2980 519 3014 ,
545 2924 697 3004 honeste
715 2927 871 3024 amplius
889 2925 926 3003 id
953 2927 1029 3004 sieri
1045 2951 1122 3005 non
1146 2922 1326 3025 potuisse:
1352 2926 1389 3003 85
1407 2926 1476 3005 hac

128 3038 284 3129 'propter
296 3028 369 3125 jam
388 3050 408 3105 a
433 3027 596 3126 quinque
616 3040 712 3105 retro
732 3025 858 3105 seculis
876 3026 1061 3124 paullatim
1077 3049 1141 3123 per
1155 3026 1357 3103 universum
1379 3048 1474 3125 pene
1625 3116 1631 3131 ¹

128 3127 382 3213 occidentem,
402 3123 702 3204 consuetudinem
716 3126 813 3205 illam
835 3122 1050 3204 exolevisse:
1080 3124 1178 3203 Vide
1196 3124 1329 3218 Voffmm
1350 3126 1411 3203 soso
1431 3133 1477 3203 n·-

127 3247 206 3303 tats.
246 3225 325 3321 Qui
340 3225 415 3303 hoc
434 3224 542 3302 habet
557 3226 939 3320 exJosepsoVicecomire,
965 3227 1005 3302 de
1020 3226 1130 3302 sitisse
1146 3231 1310 3320 baptistas,
1333 3228 1401 3303 Lib.
1418 3250 1470 3303 ru.

126 3337 209 3422 Cap.
222 3349 258 3405 x.
273 3330 310 3402 de
328 3349 387 3402 xv.
404 3322 474 3403 Cui
487 3342 607 3403 tamen
627 3324 781 3403 eruditas
808 3325 1110 3404 considerationes
1131 3325 1204 3403 suas
1226 3328 1385 3425 opponit
1407 3328 1476 3405 im·

128 3427 293 3505 mortalis
308 3425 493 3503 memoriae
510 3423 744 3525 Theologus,
771 3421 1063 3503 Graecarus
1091 3422 1165 3502 Vo
1182 3448 1363 3513 sarus,
1384 3429 1471 3503 Polis.

126 3529 208 3604 uses.
225 3534 309 3601 uass
334 3548 363 3601 1.
377 3546 406 3618 p.
424 3535 507 3613 690.
531 3524 679 3604 totalem
696 3526 794 3605 islam
807 3525 1112 3623 baptizandorum
1137 3524 1419 3604 denudationem
1432 3528 1473 3604 iu

126 3628 277 3725 antiqua
295 3619 447 3703 Ecclesia
460 3646 535 3702 uon
548 3622 753 3713 obtinuisse,
774 3640 900 3704 contra
923 3621 1208 3712 Vicecomitem,
1239 3648 1281 3703 55
1291 3621 1469 3714 Vofflum,

108 3725 331 3805 ¹rationibus
344 3744 421 3800 non
439 3725 716 3804 contemnendis
736 3727 904 3825 probans.
957 3722 1099 3806 Verum
1118 3722 1252 3805 etiamsi
1274 3723 1473 3802 denudatio

127 3824 190 3904 1115
209 3823 397 3902 resitislioe
415 3844 457 3900 55
475 3825 714 3903 verecundior
736 3827 853 3911 suerit,
874 3841 986 3924 prout
1002 3849 1024 3905 5
1039 3824 1235 3924 pisioribus
1250 3825 1474 3923 representa·

129 3928 161 4005 ri
182 3925 283 4010 solet,
314 3939 433 4001 tamen
458 3925 509 4001 ob
529 3926 737 4022 praestatem
752 3924 944 4003 bominum
961 3928 1072 4004 tutior
1102 3924 1241 4005 videtur
1265 3947 1364 4003 nunc
1385 3923 1475 4004 assu·

129 4022 241 4103 sionis
258 4024 316 4103 uel
338 4020 570 4119 adspersionis
589 4026 676 4103 ritus
696 4081 706 4113 ,
729 4024 884 4126 adquae
904 4025 1003 4103 nulla
1026 4024 1202 4123 ejusmodi
1222 4024 1388 4121 corporis
1413 4022 1476 4101 de·

132 4124 286 4204 nudatio
312 4123 513 4224 requiritur.
566 4123 675 4203 Unde
697 4124 978 4213 concludimus,
1000 4126 1236 4203 inclementer
1262 4122 1475 4211 admodum,

103 4239 242 4322 atque
260 4223 353 4301 adeo
372 4219 444 4298 sine
461 4226 624 4316 ratione,
649 4222 795 4309 Latium
807 4223 943 4305 Graecis
959 4228 1148 4307 nonnullis
1161 4225 1199 4303 in
1210 4222 1382 4306 Concilio
1394 4219 1481 4300 Flo-

186 4321 288 4405 055.
312 4320 434 4435 Fufius
561 4362 566 4367 ·
826 4323 903 4429 ,Yy
909 4349 969 4429 55
1335 4323 1481 4445 reatino
