<?xml version="1.0" encoding="UTF-8"?>
<!DOCTYPE html PUBLIC "-//W3C//DTD XHTML 1.0 Transitional//EN"
    "http://www.w3.org/TR/xhtml1/DTD/xhtml1-transitional.dtd">
<html xmlns="http://www.w3.org/1999/xhtml" xml:lang="en" lang="en">
 <head>
  <title>
</title>
<meta http-equiv="Content-Type" content="text/html;charset=utf-8" />
  <meta name='ocr-system' content='tesseract 3.04.00' />
  <meta name='ocr-capabilities' content='ocr_page ocr_carea ocr_par ocr_line ocrx_word'/>
</head>
<body>
  <div class='ocr_page' id='page_1' title='image "./hermanniwitsiid00witsgoog_0601.png"; bbox 0 0 3792 4842; ppageno 0'>
   <div class='ocr_carea' id='block_1_1' title="bbox 581 172 1464 295">
    <p class='ocr_par' dir='ltr' id='par_1_1' title="bbox 581 172 1464 295">
     <span class='ocr_line' id='line_1_1' title="bbox 581 172 1464 295; baseline -0.005 -38"><span class='ocrx_word' id='word_1_1' title='bbox 581 172 970 295; x_wconf 68' lang='lat' dir='ltr'>uncinmucrnom.</span> <span class='ocrx_word' id='word_1_2' title='bbox 1393 198 1464 275; x_wconf 82' lang='lat'>573</span> 
     </span>
    </p>
   </div>
   <div class='ocr_carea' id='block_1_2' title="bbox 83 300 1462 914">
    <p class='ocr_par' dir='ltr' id='par_1_2' title="bbox 83 300 1462 914">
     <span class='ocr_line' id='line_1_2' title="bbox 86 300 1462 421; baseline -0.004 -24"><span class='ocrx_word' id='word_1_3' title='bbox 86 311 169 404; x_wconf 56' lang='lat' dir='ltr'>ude</span> <span class='ocrx_word' id='word_1_4' title='bbox 182 315 346 407; x_wconf 79' lang='lat' dir='ltr'>restant,</span> <span class='ocrx_word' id='word_1_5' title='bbox 363 320 594 421; x_wconf 83' lang='lat' dir='ltr'>quae,tutorie</span> <span class='ocrx_word' id='word_1_6' title='bbox 605 316 849 417; x_wconf 83' lang='lat' dir='ltr'>nonamplius</span> <span class='ocrx_word' id='word_1_7' title='bbox 861 316 1007 417; x_wconf 80' lang='lat' dir='ltr'>indiga,</span> <span class='ocrx_word' id='word_1_8' title='bbox 1034 311 1098 393; x_wconf 85' lang='lat' dir='ltr'>sub</span> <span class='ocrx_word' id='word_1_9' title='bbox 1113 312 1240 415; x_wconf 70' lang='lat' dir='ltr'>primis</span> <span class='ocrx_word' id='word_1_10' title='bbox 1257 313 1331 394; x_wconf 83' lang='lat' dir='ltr'>istie</span> <span class='ocrx_word' id='word_1_11' title='bbox 1355 300 1462 393; x_wconf 75' lang='lat' dir='ltr'>tnuri-</span> 
     </span>
     <span class='ocr_line' id='line_1_3' title="bbox 85 414 1459 512; baseline -0.007 -10"><span class='ocrx_word' id='word_1_12' title='bbox 85 420 335 502; x_wconf 85' lang='lat' dir='ltr'>dielementit</span> <span class='ocrx_word' id='word_1_13' title='bbox 349 418 388 495; x_wconf 92' lang='lat' dir='ltr'>in</span> <span class='ocrx_word' id='word_1_14' title='bbox 404 417 607 503; x_wconf 74' lang='lat' dir='ltr'>servitutem</span> <span class='ocrx_word' id='word_1_15' title='bbox 623 421 757 496; x_wconf 90' lang='lat' dir='ltr'>iterum</span> <span class='ocrx_word' id='word_1_16' title='bbox 771 415 937 495; x_wconf 79' lang='lat' dir='ltr'>dedendo</span> <span class='ocrx_word' id='word_1_17' title='bbox 960 438 1040 495; x_wconf 89' lang='lat' dir='ltr'>non</span> <span class='ocrx_word' id='word_1_18' title='bbox 1067 415 1127 492; x_wconf 73' lang='lat' dir='ltr'>eit</span> <span class='ocrx_word' id='word_1_19' title='bbox 1156 415 1229 489; x_wconf 74' lang='lat' dir='ltr'>Gai.</span> <span class='ocrx_word' id='word_1_20' title='bbox 1242 433 1296 492; x_wconf 83' lang='lat' dir='ltr'>rr.</span> <span class='ocrx_word' id='word_1_21' title='bbox 1338 414 1459 512; x_wconf 82' lang='lat' dir='ltr'>Quod</span> 
     </span>
     <span class='ocr_line' id='line_1_4' title="bbox 86 513 1459 620; baseline -0.007 -20"><span class='ocrx_word' id='word_1_22' title='bbox 86 535 184 601; x_wconf 87' lang='lat' dir='ltr'>certe</span> <span class='ocrx_word' id='word_1_23' title='bbox 201 530 275 594; x_wconf 90' lang='lat' dir='ltr'>tam</span> <span class='ocrx_word' id='word_1_24' title='bbox 289 514 453 614; x_wconf 83' lang='lat' dir='ltr'>Judaeoe,</span> <span class='ocrx_word' id='word_1_25' title='bbox 467 542 577 620; x_wconf 87' lang='lat' dir='ltr'>quam</span> <span class='ocrx_word' id='word_1_26' title='bbox 592 515 756 596; x_wconf 80' lang='lat' dir='ltr'>Gentiles</span> <span class='ocrx_word' id='word_1_27' title='bbox 772 514 1037 615; x_wconf 65' lang='lat' dir='ltr'>complectitur.</span> <span class='ocrx_word' id='word_1_28' title='bbox 1062 513 1158 593; x_wconf 81' lang='lat' dir='ltr'>Illud</span> <span class='ocrx_word' id='word_1_29' title='bbox 1170 516 1459 594; x_wconf 84' lang='lat' dir='ltr'>novitestamen·</span> 
     </span>
     <span class='ocr_line' id='line_1_5' title="bbox 85 613 1460 715; baseline -0.006 -16"><span class='ocrx_word' id='word_1_30' title='bbox 85 626 111 700; x_wconf 91' lang='lat' dir='ltr'>ti</span> <span class='ocrx_word' id='word_1_31' title='bbox 128 623 274 705; x_wconf 88' lang='lat' dir='ltr'>bonum</span> <span class='ocrx_word' id='word_1_32' title='bbox 294 616 413 695; x_wconf 81' lang='lat' dir='ltr'>libero</span> <span class='ocrx_word' id='word_1_33' title='bbox 433 642 475 697; x_wconf 88' lang='lat' dir='ltr'>ac</span> <span class='ocrx_word' id='word_1_34' title='bbox 489 619 652 697; x_wconf 88' lang='lat' dir='ltr'>rotundo</span> <span class='ocrx_word' id='word_1_35' title='bbox 671 641 736 694; x_wconf 89' lang='lat' dir='ltr'>ore</span> <span class='ocrx_word' id='word_1_36' title='bbox 752 614 1143 715; x_wconf 83' lang='lat' dir='ltr'>ubivispromulgabat.</span> <span class='ocrx_word' id='word_1_37' title='bbox 1168 613 1259 694; x_wconf 88' lang='lat' dir='ltr'>Non</span> <span class='ocrx_word' id='word_1_38' title='bbox 1271 618 1460 693; x_wconf 87' lang='lat' dir='ltr'>tamenin·</span> 
     </span>
     <span class='ocr_line' id='line_1_6' title="bbox 84 711 1459 817; baseline -0.005 -19"><span class='ocrx_word' id='word_1_39' title='bbox 84 717 314 803; x_wconf 89' lang='lat' dir='ltr'>tercedebat,</span> <span class='ocrx_word' id='word_1_40' title='bbox 338 740 416 816; x_wconf 91' lang='lat' dir='ltr'>quo</span> <span class='ocrx_word' id='word_1_41' title='bbox 440 721 561 794; x_wconf 83' lang='lat' dir='ltr'>minua</span> <span class='ocrx_word' id='word_1_42' title='bbox 581 716 718 817; x_wconf 84' lang='lat' dir='ltr'>aliquid</span> <span class='ocrx_word' id='word_1_43' title='bbox 744 715 994 814; x_wconf 87' lang='lat' dir='ltr'>indulgeretur</span> <span class='ocrx_word' id='word_1_44' title='bbox 1006 713 1205 794; x_wconf 89' lang='lat' dir='ltr'>infirmitati</span> <span class='ocrx_word' id='word_1_45' title='bbox 1219 714 1368 792; x_wconf 78' lang='lat' dir='ltr'>fratrum</span> <span class='ocrx_word' id='word_1_46' title='bbox 1394 711 1459 815; x_wconf 73' lang='lat' dir='ltr'>Jm</span> 
     </span>
     <span class='ocr_line' id='line_1_7' title="bbox 83 804 1461 914; baseline -0.005 -16"><span class='ocrx_word' id='word_1_47' title='bbox 83 821 251 898; x_wconf 73' lang='lat' dir='ltr'>deorum</span> <span class='ocrx_word' id='word_1_48' title='bbox 263 818 301 892; x_wconf 89' lang='lat' dir='ltr'>iu</span> <span class='ocrx_word' id='word_1_49' title='bbox 315 816 487 894; x_wconf 81' lang='lat' dir='ltr'>libertatis</span> <span class='ocrx_word' id='word_1_50' title='bbox 496 817 590 895; x_wconf 77' lang='lat' dir='ltr'>iliius</span> <span class='ocrx_word' id='word_1_51' title='bbox 606 818 806 902; x_wconf 84' lang='lat' dir='ltr'>exercitio,</span> <span class='ocrx_word' id='word_1_52' title='bbox 821 813 938 893; x_wconf 89' lang='lat' dir='ltr'>modo</span> <span class='ocrx_word' id='word_1_53' title='bbox 955 807 1178 914; x_wconf 71' lang='grc' dir='ltr'>φιλονεικίαι,</span> <span class='ocrx_word' id='word_1_54' title='bbox 1205 814 1242 890; x_wconf 78' lang='lat' dir='ltr'>dc</span> <span class='ocrx_word' id='word_1_55' title='bbox 1256 817 1388 914; x_wconf 90' lang='lat' dir='ltr'>opinio</span> <span class='ocrx_word' id='word_1_56' title='bbox 1398 804 1461 891; x_wconf 71' lang='lat' dir='ltr'>od·</span> 
     </span>
    </p>
   </div>
   <div class='ocr_carea' id='block_1_3' title="bbox 78 918 1624 3510">
    <p class='ocr_par' dir='ltr' id='par_1_3' title="bbox 78 918 1624 3510">
     <span class='ocr_line' id='line_1_8' title="bbox 83 918 1462 1024; baseline -0.001 -21"><span class='ocrx_word' id='word_1_57' title='bbox 83 923 247 1007; x_wconf 79' lang='lat' dir='ltr'>ceffitatie</span> <span class='ocrx_word' id='word_1_58' title='bbox 262 924 476 1018; x_wconf 83' lang='lat' dir='ltr'>acjustitiae,</span> <span class='ocrx_word' id='word_1_59' title='bbox 501 947 523 1001; x_wconf 92' lang='lat' dir='ltr'>a</span> <span class='ocrx_word' id='word_1_60' title='bbox 545 924 835 1002; x_wconf 74' lang='lat' dir='ltr'>ceremoniarum</span> <span class='ocrx_word' id='word_1_61' title='bbox 848 924 954 1021; x_wconf 87' lang='lat' dir='ltr'>praxi</span> <span class='ocrx_word' id='word_1_62' title='bbox 963 918 1106 1000; x_wconf 76' lang='lat' dir='ltr'>abeffet.</span> <span class='ocrx_word' id='word_1_63' title='bbox 1128 920 1218 1001; x_wconf 85' lang='lat' dir='ltr'>Haec</span> <span class='ocrx_word' id='word_1_64' title='bbox 1231 922 1462 1024; x_wconf 81' lang='lat' dir='ltr'>aliotorque·</span> 
     </span>
     <span class='ocr_line' id='line_1_9' title="bbox 83 1020 1459 1124; baseline -0.001 -25"><span class='ocrx_word' id='word_1_65' title='bbox 83 1028 142 1105; x_wconf 82' lang='lat' dir='ltr'>bat</span> <span class='ocrx_word' id='word_1_66' title='bbox 157 1026 354 1104; x_wconf 86' lang='lat' dir='ltr'>calumnia:</span> <span class='ocrx_word' id='word_1_67' title='bbox 375 1020 473 1124; x_wconf 75' lang='lat' dir='ltr'>quoii</span> <span class='ocrx_word' id='word_1_68' title='bbox 488 1023 532 1099; x_wconf 89' lang='lat' dir='ltr'>ab</span> <span class='ocrx_word' id='word_1_69' title='bbox 552 1020 631 1122; x_wconf 88' lang='lat' dir='ltr'>ipso</span> <span class='ocrx_word' id='word_1_70' title='bbox 655 1024 692 1098; x_wconf 92' lang='lat' dir='ltr'>in</span> <span class='ocrx_word' id='word_1_71' title='bbox 708 1021 969 1101; x_wconf 88' lang='lat' dir='ltr'>contumeliam</span> <span class='ocrx_word' id='word_1_72' title='bbox 992 1022 1084 1120; x_wconf 78' lang='lat' dir='ltr'>legit</span> <span class='ocrx_word' id='word_1_73' title='bbox 1103 1020 1252 1108; x_wconf 84' lang='lat' dir='ltr'>fierent,</span> <span class='ocrx_word' id='word_1_74' title='bbox 1270 1024 1308 1101; x_wconf 83' lang='lat'>&amp;</span> <span class='ocrx_word' id='word_1_75' title='bbox 1321 1024 1459 1123; x_wconf 87' lang='lat' dir='ltr'>aposta·</span> 
     </span>
     <span class='ocr_line' id='line_1_10' title="bbox 82 1119 1459 1223; baseline -0.004 -20"><span class='ocrx_word' id='word_1_76' title='bbox 82 1125 204 1203; x_wconf 77' lang='lat' dir='ltr'>iiuma</span> <span class='ocrx_word' id='word_1_77' title='bbox 221 1119 325 1200; x_wconf 87' lang='lat' dir='ltr'>Mose</span> <span class='ocrx_word' id='word_1_78' title='bbox 339 1120 508 1211; x_wconf 89' lang='lat' dir='ltr'>doceret,</span> <span class='ocrx_word' id='word_1_79' title='bbox 524 1145 645 1223; x_wconf 85' lang='lat' dir='ltr'>neque</span> <span class='ocrx_word' id='word_1_80' title='bbox 659 1143 746 1200; x_wconf 89' lang='lat' dir='ltr'>cum</span> <span class='ocrx_word' id='word_1_81' title='bbox 761 1120 910 1222; x_wconf 85' lang='lat' dir='ltr'>reliquis</span> <span class='ocrx_word' id='word_1_82' title='bbox 925 1121 1133 1200; x_wconf 80' lang='lat' dir='ltr'>christianae</span> <span class='ocrx_word' id='word_1_83' title='bbox 1147 1120 1233 1200; x_wconf 89' lang='lat' dir='ltr'>fidei</span> <span class='ocrx_word' id='word_1_84' title='bbox 1246 1123 1459 1222; x_wconf 74' lang='lat' dir='ltr'>proceribus</span> 
     </span>
     <span class='ocr_line' id='line_1_11' title="bbox 82 1219 1458 1323; baseline -0.007 -17"><span class='ocrx_word' id='word_1_85' title='bbox 82 1226 206 1306; x_wconf 87' lang='lat' dir='ltr'>iohac</span> <span class='ocrx_word' id='word_1_86' title='bbox 222 1221 393 1301; x_wconf 70' lang='lat' dir='ltr'>doetrinae</span> <span class='ocrx_word' id='word_1_87' title='bbox 405 1234 505 1323; x_wconf 88' lang='lat' dir='ltr'>parte</span> <span class='ocrx_word' id='word_1_88' title='bbox 517 1220 747 1300; x_wconf 86' lang='lat' dir='ltr'>consentiret.</span> <span class='ocrx_word' id='word_1_89' title='bbox 774 1220 960 1316; x_wconf 85' lang='lat' dir='ltr'>Quoduti</span> <span class='ocrx_word' id='word_1_90' title='bbox 987 1245 1034 1299; x_wconf 88' lang='lat' dir='ltr'>ue</span> <span class='ocrx_word' id='word_1_91' title='bbox 1049 1219 1148 1298; x_wconf 87' lang='lat' dir='ltr'>secus</span> <span class='ocrx_word' id='word_1_92' title='bbox 1161 1222 1458 1301; x_wconf 82' lang='lat' dir='ltr'>eratNooenim</span> 
     </span>
     <span class='ocr_line' id='line_1_12' title="bbox 82 1319 1462 1421; baseline -0.002 -20"><span class='ocrx_word' id='word_1_93' title='bbox 82 1322 311 1407; x_wconf 87' lang='lat' dir='ltr'>contumelia</span> <span class='ocrx_word' id='word_1_94' title='bbox 322 1321 413 1416; x_wconf 78' lang='lat' dir='ltr'>legis</span> <span class='ocrx_word' id='word_1_95' title='bbox 427 1325 496 1421; x_wconf 80' lang='lat' dir='ltr'>est,</span> <span class='ocrx_word' id='word_1_96' title='bbox 512 1322 666 1407; x_wconf 88' lang='lat' dir='ltr'>docere,</span> <span class='ocrx_word' id='word_1_97' title='bbox 687 1319 968 1399; x_wconf 73' lang='lat' dir='ltr'>eisatisfadume</span> <span class='ocrx_word' id='word_1_98' title='bbox 996 1319 1300 1419; x_wconf 84' lang='lat' dir='ltr'>eperChristum3</span> <span class='ocrx_word' id='word_1_99' title='bbox 1327 1326 1379 1399; x_wconf 93' lang='lat' dir='ltr'>uti</span> <span class='ocrx_word' id='word_1_100' title='bbox 1392 1343 1462 1398; x_wconf 84' lang='lat' dir='ltr'>uec</span> 
     </span>
     <span class='ocr_line' id='line_1_13' title="bbox 82 1420 1462 1523; baseline -0.001 -25"><span class='ocrx_word' id='word_1_101' title='bbox 82 1425 230 1506; x_wconf 84' lang='lat' dir='ltr'>ceditin</span> <span class='ocrx_word' id='word_1_102' title='bbox 241 1422 504 1499; x_wconf 81' lang='lat' dir='ltr'>coutumeliam</span> <span class='ocrx_word' id='word_1_103' title='bbox 518 1420 686 1519; x_wconf 86' lang='lat' dir='ltr'>chirogra</span> <span class='ocrx_word' id='word_1_104' title='bbox 713 1420 750 1497; x_wconf 90' lang='lat' dir='ltr'>hi</span> <span class='ocrx_word' id='word_1_105' title='bbox 762 1478 775 1511; x_wconf 87' lang='lat'><strong>,</strong></span> <span class='ocrx_word' id='word_1_106' title='bbox 789 1421 892 1523; x_wconf 91' lang='lat' dir='ltr'>quod</span> <span class='ocrx_word' id='word_1_107' title='bbox 908 1422 1088 1500; x_wconf 87' lang='lat' dir='ltr'>solutione</span> <span class='ocrx_word' id='word_1_108' title='bbox 1106 1423 1255 1520; x_wconf 86' lang='lat' dir='ltr'>praestita</span> <span class='ocrx_word' id='word_1_109' title='bbox 1269 1422 1462 1501; x_wconf 82' lang='lat' dir='ltr'><strong>scindatur.</strong></span> 
     </span>
     <span class='ocr_line' id='line_1_14' title="bbox 80 1445 1462 1695; baseline 0 -97"><span class='ocrx_word' id='word_1_110' title='bbox 80 1525 220 1623; x_wconf 82' lang='lat' dir='ltr'>Neque</span> <span class='ocrx_word' id='word_1_111' title='bbox 239 1519 407 1695; x_wconf 77' lang='lat' dir='ltr'>apostasia</span> <span class='ocrx_word' id='word_1_112' title='bbox 422 1524 505 1598; x_wconf 84' lang='lat' dir='ltr'>esta</span> <span class='ocrx_word' id='word_1_113' title='bbox 523 1519 651 1605; x_wconf 83' lang='lat' dir='ltr'>Mose.</span> <span class='ocrx_word' id='word_1_114' title='bbox 677 1445 857 1598; x_wconf 62' lang='lat' dir='ltr'>datiuum</span> <span class='ocrx_word' id='word_1_115' title='bbox 873 1520 1047 1599; x_wconf 77' lang='lat' dir='ltr'>libertatis</span> <span class='ocrx_word' id='word_1_116' title='bbox 1063 1521 1229 1599; x_wconf 86' lang='lat' dir='ltr'>datorem</span> <span class='ocrx_word' id='word_1_117' title='bbox 1240 1523 1462 1621; x_wconf 79' lang='lat' dir='ltr'>praedicare,</span> 
     </span>
     <span class='ocr_line' id='line_1_15' title="bbox 82 1618 1468 1727; baseline -0.004 -25"><span class='ocrx_word' id='word_1_118' title='bbox 82 1645 200 1727; x_wconf 76' lang='lat' dir='ltr'>quern</span> <span class='ocrx_word' id='word_1_119' title='bbox 216 1624 254 1719; x_wconf 89' lang='lat' dir='ltr'>ip</span> <span class='ocrx_word' id='word_1_120' title='bbox 268 1645 288 1696; x_wconf 91' lang='lat' dir='ltr'>e</span> <span class='ocrx_word' id='word_1_121' title='bbox 302 1620 425 1699; x_wconf 78' lang='lat' dir='ltr'>Mosen</span> <span class='ocrx_word' id='word_1_122' title='bbox 438 1621 555 1697; x_wconf 86' lang='lat' dir='ltr'>audiri</span> <span class='ocrx_word' id='word_1_123' title='bbox 564 1618 670 1717; x_wconf 82' lang='lat' dir='ltr'>juffit·</span> <span class='ocrx_word' id='word_1_124' title='bbox 705 1619 787 1697; x_wconf 90' lang='lat' dir='ltr'>Nec</span> <span class='ocrx_word' id='word_1_125' title='bbox 798 1620 892 1699; x_wconf 80' lang='lat' dir='ltr'>male</span> <span class='ocrx_word' id='word_1_126' title='bbox 904 1620 1018 1698; x_wconf 78' lang='lat' dir='ltr'>Paulo</span> <span class='ocrx_word' id='word_1_127' title='bbox 1034 1644 1120 1698; x_wconf 88' lang='lat' dir='ltr'>cum</span> <span class='ocrx_word' id='word_1_128' title='bbox 1137 1628 1273 1701; x_wconf 82' lang='lat' dir='ltr'>caeterie</span> <span class='ocrx_word' id='word_1_129' title='bbox 1285 1621 1468 1722; x_wconf 74' lang='lat' dir='ltr'>apostolis</span> 
     </span>
     <span class='ocr_line' id='line_1_16' title="bbox 82 1714 1469 1822; baseline -0.001 -25"><span class='ocrx_word' id='word_1_130' title='bbox 82 1721 355 1806; x_wconf 63' lang='lat' dir='ltr'>conveniebam</span> <span class='ocrx_word' id='word_1_131' title='bbox 381 1744 497 1822; x_wconf 89' lang='lat' dir='ltr'>quum</span> <span class='ocrx_word' id='word_1_132' title='bbox 514 1721 551 1797; x_wconf 77' lang='lat' dir='ltr'>dt</span> <span class='ocrx_word' id='word_1_133' title='bbox 574 1719 627 1796; x_wconf 85' lang='lat' dir='ltr'>illi</span> <span class='ocrx_word' id='word_1_134' title='bbox 643 1722 744 1816; x_wconf 82' lang='lat' dir='ltr'>juxta</span> <span class='ocrx_word' id='word_1_135' title='bbox 762 1717 1100 1822; x_wconf 83' lang='lat' dir='ltr'>Hierosolymitanae</span> <span class='ocrx_word' id='word_1_136' title='bbox 1117 1714 1258 1820; x_wconf 86' lang='lat' dir='ltr'>Synodi</span> <span class='ocrx_word' id='word_1_137' title='bbox 1278 1724 1469 1799; x_wconf 88' lang='lat' dir='ltr'>decretum</span> 
     </span>
     <span class='ocr_line' id='line_1_17' title="bbox 83 1818 1472 1922; baseline -0.004 -20"><span class='ocrx_word' id='word_1_138' title='bbox 83 1821 358 1902; x_wconf 82' lang='lat' dir='ltr'>immunitatem</span> <span class='ocrx_word' id='word_1_139' title='bbox 374 1820 707 1922; x_wconf 88' lang='lat' dir='ltr'>ajugodocerent,</span> <span class='ocrx_word' id='word_1_140' title='bbox 733 1819 770 1895; x_wconf 79' lang='lat' dir='ltr'>dc</span> <span class='ocrx_word' id='word_1_141' title='bbox 789 1818 938 1906; x_wconf 84' lang='lat' dir='ltr'>Paulus,</span> <span class='ocrx_word' id='word_1_142' title='bbox 964 1825 1003 1898; x_wconf 90' lang='lat' dir='ltr'>in</span> <span class='ocrx_word' id='word_1_143' title='bbox 1026 1824 1202 1898; x_wconf 76' lang='lat' dir='ltr'>exercitio</span> <span class='ocrx_word' id='word_1_144' title='bbox 1218 1822 1315 1900; x_wconf 81' lang='lat' dir='ltr'>iliius</span> <span class='ocrx_word' id='word_1_145' title='bbox 1329 1822 1472 1899; x_wconf 86' lang='lat' dir='ltr'>liberta-</span> 
     </span>
     <span class='ocr_line' id='line_1_18' title="bbox 81 1915 1624 2023; baseline -0.003 -22"><span class='ocrx_word' id='word_1_146' title='bbox 81 1928 128 2001; x_wconf 80' lang='lat' dir='ltr'>tis</span> <span class='ocrx_word' id='word_1_147' title='bbox 144 1922 332 1998; x_wconf 84' lang='lat' dir='ltr'>caritatem</span> <span class='ocrx_word' id='word_1_148' title='bbox 348 1919 671 2020; x_wconf 84' lang='lat' dir='ltr'>&amp;prudentiamin</span> <span class='ocrx_word' id='word_1_149' title='bbox 685 1915 874 1997; x_wconf 84' lang='lat' dir='ltr'>confilium</span> <span class='ocrx_word' id='word_1_150' title='bbox 885 1920 1132 1998; x_wconf 81' lang='lat' dir='ltr'>adhibendam</span> <span class='ocrx_word' id='word_1_151' title='bbox 1146 1920 1226 2009; x_wconf 81' lang='lat' dir='ltr'>effe,</span> <span class='ocrx_word' id='word_1_152' title='bbox 1238 1943 1471 2023; x_wconf 87' lang='lat' dir='ltr'>nequaquam</span> <span class='ocrx_word' id='word_1_153' title='bbox 1505 1960 1511 1972; x_wconf 89' lang='lat'>·</span> <span class='ocrx_word' id='word_1_154' title='bbox 1616 1916 1624 1931; x_wconf 66' lang='lat'><strong><em>¹</em></strong></span> 
     </span>
     <span class='ocr_line' id='line_1_19' title="bbox 80 2018 1472 2123; baseline -0.002 -23"><span class='ocrx_word' id='word_1_155' title='bbox 80 2018 313 2103; x_wconf 88' lang='lat' dir='ltr'>diffiteretur.</span> <span class='ocrx_word' id='word_1_156' title='bbox 363 2023 530 2099; x_wconf 80' lang='lat' dir='ltr'><strong>Attamen</strong></span> <span class='ocrx_word' id='word_1_157' title='bbox 547 2022 687 2096; x_wconf 80' lang='lat' dir='ltr'>invenit</span> <span class='ocrx_word' id='word_1_158' title='bbox 710 2019 890 2097; x_wconf 84' lang='lat' dir='ltr'>calumnia</span> <span class='ocrx_word' id='word_1_159' title='bbox 909 2021 1046 2120; x_wconf 78' lang='lat' dir='ltr'>patulas</span> <span class='ocrx_word' id='word_1_160' title='bbox 1063 2044 1186 2098; x_wconf 82' lang='lat' dir='ltr'>aures:</span> <span class='ocrx_word' id='word_1_161' title='bbox 1211 2024 1390 2123; x_wconf 84' lang='lat' dir='ltr'>multique</span> <span class='ocrx_word' id='word_1_162' title='bbox 1404 2021 1472 2117; x_wconf 85' lang='lat' dir='ltr'>fra·</span> 
     </span>
     <span class='ocr_line' id='line_1_20' title="bbox 81 2119 1509 2221; baseline 0.001 -24"><span class='ocrx_word' id='word_1_163' title='bbox 81 2139 214 2211; x_wconf 86' lang='lat' dir='ltr'>trum,</span> <span class='ocrx_word' id='word_1_164' title='bbox 240 2121 286 2196; x_wconf 90' lang='lat' dir='ltr'>de</span> <span class='ocrx_word' id='word_1_165' title='bbox 301 2119 464 2219; x_wconf 85' lang='lat' dir='ltr'>Apostoli</span> <span class='ocrx_word' id='word_1_166' title='bbox 476 2121 639 2197; x_wconf 72' lang='lat' dir='ltr'>doitrina</span> <span class='ocrx_word' id='word_1_167' title='bbox 654 2141 731 2195; x_wconf 92' lang='lat' dir='ltr'>oon</span> <span class='ocrx_word' id='word_1_168' title='bbox 752 2143 798 2196; x_wconf 85' lang='lat' dir='ltr'>err</span> <span class='ocrx_word' id='word_1_169' title='bbox 812 2144 900 2198; x_wconf 85' lang='lat' dir='ltr'>vero</span> <span class='ocrx_word' id='word_1_170' title='bbox 913 2119 1275 2221; x_wconf 74' lang='lat' dir='ltr'>informati‚sequiue</span> <span class='ocrx_word' id='word_1_171' title='bbox 1291 2123 1337 2199; x_wconf 89' lang='lat' dir='ltr'>de</span> <span class='ocrx_word' id='word_1_172' title='bbox 1353 2143 1400 2197; x_wconf 88' lang='lat' dir='ltr'>eo</span> <span class='ocrx_word' id='word_1_173' title='bbox 1415 2120 1473 2198; x_wconf 87' lang='lat' dir='ltr'>su·</span> <span class='ocrx_word' id='word_1_174' title='bbox 1504 2148 1509 2157; x_wconf 43' lang='lat'>⁸</span> 
     </span>
     <span class='ocr_line' id='line_1_21' title="bbox 80 2214 1475 2325; baseline -0.001 -25"><span class='ocrx_word' id='word_1_175' title='bbox 80 2221 328 2325; x_wconf 72' lang='lat' dir='ltr'>spirabantur.</span> <span class='ocrx_word' id='word_1_176' title='bbox 379 2218 478 2295; x_wconf 86' lang='lat' dir='ltr'>Hinc</span> <span class='ocrx_word' id='word_1_177' title='bbox 492 2216 586 2294; x_wconf 88' lang='lat' dir='ltr'>illud</span> <span class='ocrx_word' id='word_1_178' title='bbox 606 2214 822 2303; x_wconf 73' lang='lat' dir='ltr'>confilium,</span> <span class='ocrx_word' id='word_1_179' title='bbox 852 2234 894 2296; x_wconf 87' lang='lat' dir='ltr'>ut</span> <span class='ocrx_word' id='word_1_180' title='bbox 913 2222 949 2295; x_wconf 90' lang='lat'>&amp;</span> <span class='ocrx_word' id='word_1_181' title='bbox 970 2219 1043 2319; x_wconf 81' lang='lat' dir='ltr'>ipse</span> <span class='ocrx_word' id='word_1_182' title='bbox 1062 2221 1235 2297; x_wconf 81' lang='lat' dir='ltr'>omnibus</span> <span class='ocrx_word' id='word_1_183' title='bbox 1249 2218 1475 2321; x_wconf 66' lang='lat' dir='ltr'>inspectanti·</span> 
     </span>
     <span class='ocr_line' id='line_1_22' title="bbox 82 2315 1473 2419; baseline -0.004 -16"><span class='ocrx_word' id='word_1_184' title='bbox 82 2326 158 2402; x_wconf 87' lang='lat' dir='ltr'>bus</span> <span class='ocrx_word' id='word_1_185' title='bbox 179 2333 292 2396; x_wconf 79' lang='lat' dir='ltr'>certas</span> <span class='ocrx_word' id='word_1_186' title='bbox 310 2316 483 2418; x_wconf 81' lang='lat' dir='ltr'>quasdam</span> <span class='ocrx_word' id='word_1_187' title='bbox 501 2319 724 2393; x_wconf 78' lang='lat' dir='ltr'>ceremonias</span> <span class='ocrx_word' id='word_1_188' title='bbox 738 2315 967 2393; x_wconf 82' lang='lat' dir='ltr'>observaret:</span> <span class='ocrx_word' id='word_1_189' title='bbox 995 2340 1072 2394; x_wconf 88' lang='lat' dir='ltr'>non</span> <span class='ocrx_word' id='word_1_190' title='bbox 1085 2321 1138 2395; x_wconf 91' lang='lat' dir='ltr'>oti</span> <span class='ocrx_word' id='word_1_191' title='bbox 1150 2319 1401 2419; x_wconf 77' lang='lat' dir='ltr'>praejudicium</span> <span class='ocrx_word' id='word_1_192' title='bbox 1410 2320 1473 2397; x_wconf 87' lang='lat' dir='ltr'>ali-</span> 
     </span>
     <span class='ocr_line' id='line_1_23' title="bbox 81 2413 1504 2525; baseline 0.001 -24"><span class='ocrx_word' id='word_1_193' title='bbox 81 2420 192 2525; x_wconf 85' lang='lat' dir='ltr'>quod</span> <span class='ocrx_word' id='word_1_194' title='bbox 212 2434 391 2497; x_wconf 80' lang='lat' dir='ltr'>crearetur</span> <span class='ocrx_word' id='word_1_195' title='bbox 401 2417 472 2512; x_wconf 87' lang='lat' dir='ltr'>juri</span> <span class='ocrx_word' id='word_1_196' title='bbox 494 2430 556 2493; x_wconf 87' lang='lat' dir='ltr'>aut</span> <span class='ocrx_word' id='word_1_197' title='bbox 569 2414 722 2491; x_wconf 87' lang='lat' dir='ltr'>libertati</span> <span class='ocrx_word' id='word_1_198' title='bbox 733 2413 963 2517; x_wconf 72' lang='lat' dir='ltr'>Christiana,</span> <span class='ocrx_word' id='word_1_199' title='bbox 989 2437 1099 2518; x_wconf 91' lang='lat' dir='ltr'>quam</span> <span class='ocrx_word' id='word_1_200' title='bbox 1117 2417 1385 2516; x_wconf 63' lang='lat' dir='ltr'>praedicaveram</span> <span class='ocrx_word' id='word_1_201' title='bbox 1411 2417 1470 2497; x_wconf 88' lang='lat' dir='ltr'>sed</span> <span class='ocrx_word' id='word_1_202' title='bbox 1499 2496 1504 2503; x_wconf 78' lang='lat'>.</span> 
     </span>
     <span class='ocr_line' id='line_1_24' title="bbox 82 2513 1471 2618; baseline -0.003 -19"><span class='ocrx_word' id='word_1_203' title='bbox 82 2525 141 2605; x_wconf 90' lang='lat' dir='ltr'>uti</span> <span class='ocrx_word' id='word_1_204' title='bbox 160 2518 281 2617; x_wconf 87' lang='lat' dir='ltr'>palam</span> <span class='ocrx_word' id='word_1_205' title='bbox 301 2514 458 2599; x_wconf 80' lang='lat' dir='ltr'>faceret,</span> <span class='ocrx_word' id='word_1_206' title='bbox 486 2513 576 2590; x_wconf 87' lang='lat' dir='ltr'>nihil</span> <span class='ocrx_word' id='word_1_207' title='bbox 598 2535 617 2588; x_wconf 81' lang='lat' dir='ltr'>a</span> <span class='ocrx_word' id='word_1_208' title='bbox 638 2513 671 2590; x_wconf 82' lang='lat' dir='ltr'>ie</span> <span class='ocrx_word' id='word_1_209' title='bbox 690 2527 880 2610; x_wconf 84' lang='lat' dir='ltr'>proterve,</span> <span class='ocrx_word' id='word_1_210' title='bbox 914 2518 952 2593; x_wconf 86' lang='lat'>&amp;</span> <span class='ocrx_word' id='word_1_211' title='bbox 975 2516 1078 2618; x_wconf 91' lang='lat' dir='ltr'>quod</span> <span class='ocrx_word' id='word_1_212' title='bbox 1093 2517 1191 2613; x_wconf 84' lang='lat' dir='ltr'>justae</span> <span class='ocrx_word' id='word_1_213' title='bbox 1209 2517 1471 2618; x_wconf 73' lang='lat' dir='ltr'>indignationis</span> 
     </span>
     <span class='ocr_line' id='line_1_25' title="bbox 83 2612 1474 2719; baseline 0.006 -30"><span class='ocrx_word' id='word_1_214' title='bbox 83 2613 246 2699; x_wconf 73' lang='lat' dir='ltr'>capisam</span> <span class='ocrx_word' id='word_1_215' title='bbox 267 2614 385 2699; x_wconf 84' lang='lat' dir='ltr'>daret,</span> <span class='ocrx_word' id='word_1_216' title='bbox 413 2618 555 2712; x_wconf 81' lang='lat' dir='ltr'>peragi:</span> <span class='ocrx_word' id='word_1_217' title='bbox 582 2635 624 2690; x_wconf 85' lang='lat' dir='ltr'>ac</span> <span class='ocrx_word' id='word_1_218' title='bbox 644 2612 777 2689; x_wconf 82' lang='lat' dir='ltr'>foedarn</span> <span class='ocrx_word' id='word_1_219' title='bbox 798 2612 867 2693; x_wconf 80' lang='lat' dir='ltr'>effe</span> <span class='ocrx_word' id='word_1_220' title='bbox 886 2616 1127 2703; x_wconf 87' lang='lat' dir='ltr'>calumniam,</span> <span class='ocrx_word' id='word_1_221' title='bbox 1155 2640 1245 2719; x_wconf 87' lang='lat' dir='ltr'>qua,</span> <span class='ocrx_word' id='word_1_222' title='bbox 1274 2621 1395 2695; x_wconf 80' lang='lat' dir='ltr'>minue</span> <span class='ocrx_word' id='word_1_223' title='bbox 1419 2644 1474 2698; x_wconf 90' lang='lat' dir='ltr'>re·</span> 
     </span>
     <span class='ocr_line' id='line_1_26' title="bbox 83 2709 1473 2816; baseline -0.001 -19"><span class='ocrx_word' id='word_1_224' title='bbox 83 2734 257 2797; x_wconf 85' lang='lat' dir='ltr'>verenter</span> <span class='ocrx_word' id='word_1_225' title='bbox 275 2713 322 2792; x_wconf 91' lang='lat' dir='ltr'>de</span> <span class='ocrx_word' id='word_1_226' title='bbox 339 2713 603 2800; x_wconf 67' lang='lat' dir='ltr'>Meteonem,</span> <span class='ocrx_word' id='word_1_227' title='bbox 628 2709 848 2813; x_wconf 85' lang='lat' dir='ltr'>Judaeosque</span> <span class='ocrx_word' id='word_1_228' title='bbox 872 2728 1103 2793; x_wconf 88' lang='lat' dir='ltr'>contemtum</span> <span class='ocrx_word' id='word_1_229' title='bbox 1126 2717 1216 2816; x_wconf 77' lang='lat' dir='ltr'>legia</span> <span class='ocrx_word' id='word_1_230' title='bbox 1234 2717 1383 2808; x_wconf 87' lang='lat' dir='ltr'>docere,</span> <span class='ocrx_word' id='word_1_231' title='bbox 1404 2734 1473 2796; x_wconf 89' lang='lat' dir='ltr'>tra·</span> 
     </span>
     <span class='ocr_line' id='line_1_27' title="bbox 83 2809 1473 2920; baseline -0.005 -26"><span class='ocrx_word' id='word_1_232' title='bbox 83 2816 304 2895; x_wconf 86' lang='lat' dir='ltr'>ducebatur.</span> <span class='ocrx_word' id='word_1_233' title='bbox 361 2811 402 2891; x_wconf 84' lang='lat' dir='ltr'>Ei</span> <span class='ocrx_word' id='word_1_234' title='bbox 428 2809 581 2920; x_wconf 77' lang='lat' dir='ltr'>consilio</span> <span class='ocrx_word' id='word_1_235' title='bbox 594 2827 694 2912; x_wconf 88' lang='lat' dir='ltr'>paret</span> <span class='ocrx_word' id='word_1_236' title='bbox 709 2813 924 2911; x_wconf 83' lang='lat' dir='ltr'>Apostolus,</span> <span class='ocrx_word' id='word_1_237' title='bbox 952 2835 1029 2892; x_wconf 91' lang='lat' dir='ltr'>uon</span> <span class='ocrx_word' id='word_1_238' title='bbox 1047 2814 1148 2915; x_wconf 91' lang='lat' dir='ltr'>quod</span> <span class='ocrx_word' id='word_1_239' title='bbox 1165 2816 1370 2893; x_wconf 86' lang='lat' dir='ltr'>zelotarum</span> <span class='ocrx_word' id='word_1_240' title='bbox 1390 2820 1473 2896; x_wconf 90' lang='lat' dir='ltr'>isto.</span> 
     </span>
     <span class='ocr_line' id='line_1_28' title="bbox 83 2911 1511 3087; baseline 0.001 -92"><span class='ocrx_word' id='word_1_241' title='bbox 83 2941 175 2995; x_wconf 89' lang='lat' dir='ltr'>rum</span> <span class='ocrx_word' id='word_1_242' title='bbox 199 2917 382 3014; x_wconf 87' lang='lat' dir='ltr'>impetum</span> <span class='ocrx_word' id='word_1_243' title='bbox 389 2913 594 3087; x_wconf 60' lang='lat' dir='ltr'>fprobaret,</span> <span class='ocrx_word' id='word_1_244' title='bbox 623 2911 682 2987; x_wconf 85' lang='lat' dir='ltr'>sed</span> <span class='ocrx_word' id='word_1_245' title='bbox 698 2927 738 2987; x_wconf 93' lang='lat' dir='ltr'>ut</span> <span class='ocrx_word' id='word_1_246' title='bbox 759 2911 912 2991; x_wconf 88' lang='lat' dir='ltr'>dilueret</span> <span class='ocrx_word' id='word_1_247' title='bbox 936 2913 1178 3003; x_wconf 81' lang='lat' dir='ltr'>calumniam,</span> <span class='ocrx_word' id='word_1_248' title='bbox 1204 2917 1241 2992; x_wconf 68' lang='grc' dir='ltr'><strong><em>ἃ</em></strong></span> <span class='ocrx_word' id='word_1_249' title='bbox 1269 2913 1418 2993; x_wconf 78' lang='lat' dir='ltr'>infirmis</span> <span class='ocrx_word' id='word_1_250' title='bbox 1438 2916 1472 2996; x_wconf 87' lang='lat' dir='ltr'>se</span> <span class='ocrx_word' id='word_1_251' title='bbox 1506 2995 1511 3003; x_wconf 72' lang='grc'><em>,</em></span> 
     </span>
     <span class='ocr_line' id='line_1_29' title="bbox 85 3010 1474 3116; baseline -0.004 -22"><span class='ocrx_word' id='word_1_252' title='bbox 85 3012 344 3116; x_wconf 83' lang='lat' dir='ltr'>prudenter&amp;</span> <span class='ocrx_word' id='word_1_253' title='bbox 361 3035 386 3088; x_wconf 93' lang='grc' dir='ltr'>ο</span> <span class='ocrx_word' id='word_1_254' title='bbox 428 3010 523 3089; x_wconf 86' lang='lat' dir='ltr'>ciose</span> <span class='ocrx_word' id='word_1_255' title='bbox 537 3010 844 3090; x_wconf 88' lang='lat' dir='ltr'>accommodaret.</span> <span class='ocrx_word' id='word_1_256' title='bbox 871 3010 922 3090; x_wconf 88' lang='lat' dir='ltr'>lta</span> <span class='ocrx_word' id='word_1_257' title='bbox 934 3010 1045 3105; x_wconf 64' lang='lat' dir='ltr'>findas</span> <span class='ocrx_word' id='word_1_258' title='bbox 1065 3015 1114 3086; x_wconf 72' lang='lat' dir='ltr'>eii</span> <span class='ocrx_word' id='word_1_259' title='bbox 1135 3012 1254 3107; x_wconf 62' lang='grc' dir='ltr'>μάψ</span> <span class='ocrx_word' id='word_1_260' title='bbox 1268 3018 1474 3108; x_wconf 62' lang='lat' dir='ltr'>myrteus,</span> 
     </span>
     <span class='ocr_line' id='line_1_30' title="bbox 85 3108 1474 3211; baseline 0.005 -28"><span class='ocrx_word' id='word_1_261' title='bbox 85 3138 128 3191; x_wconf 70' lang='lat' dir='ltr'>ue</span> <span class='ocrx_word' id='word_1_262' title='bbox 151 3108 520 3207; x_wconf 70' lang='lat' dir='ltr'>Judaerrlacrrfaterete</span> <span class='ocrx_word' id='word_1_263' title='bbox 542 3115 605 3200; x_wconf 82' lang='lat' dir='ltr'>iit,</span> <span class='ocrx_word' id='word_1_264' title='bbox 626 3109 749 3208; x_wconf 77' lang='lat' dir='ltr'>quisrrb</span> <span class='ocrx_word' id='word_1_265' title='bbox 763 3112 937 3206; x_wconf 65' lang='lat' dir='ltr'>regestus,</span> <span class='ocrx_word' id='word_1_266' title='bbox 965 3133 1000 3184; x_wconf 80' lang='lat' dir='ltr'>ut</span> <span class='ocrx_word' id='word_1_267' title='bbox 1012 3109 1040 3204; x_wconf 75' lang='lat' dir='ltr'><em>ft</em></span> <span class='ocrx_word' id='word_1_268' title='bbox 1062 3112 1135 3207; x_wconf 77' lang='lat' dir='ltr'>effer</span> <span class='ocrx_word' id='word_1_269' title='bbox 1148 3111 1209 3204; x_wconf 75' lang='lat' dir='ltr'>[ab</span> <span class='ocrx_word' id='word_1_270' title='bbox 1231 3114 1317 3211; x_wconf 77' lang='lat' dir='ltr'>lege,</span> <span class='ocrx_word' id='word_1_271' title='bbox 1345 3137 1385 3191; x_wconf 77' lang='lat' dir='ltr'>ut</span> <span class='ocrx_word' id='word_1_272' title='bbox 1404 3142 1474 3206; x_wconf 82' lang='lat' dir='ltr'>eor,</span> 
     </span>
     <span class='ocr_line' id='line_1_31' title="bbox 87 3208 1478 3323; baseline 0.009 -40"><span class='ocrx_word' id='word_1_273' title='bbox 87 3219 151 3323; x_wconf 73' lang='lat' dir='ltr'>qus·</span> <span class='ocrx_word' id='word_1_274' title='bbox 168 3210 229 3304; x_wconf 70' lang='lat' dir='ltr'>[ab</span> <span class='ocrx_word' id='word_1_275' title='bbox 246 3213 313 3309; x_wconf 79' lang='lat' dir='ltr'>lege</span> <span class='ocrx_word' id='word_1_276' title='bbox 321 3208 421 3304; x_wconf 82' lang='lat' dir='ltr'>sunt,</span> <span class='ocrx_word' id='word_1_277' title='bbox 449 3209 661 3305; x_wconf 76' lang='lat' dir='ltr'>lucrifaceret.</span> <span class='ocrx_word' id='word_1_278' title='bbox 673 3213 764 3287; x_wconf 79' lang='lat' dir='ltr'>tcor.</span> <span class='ocrx_word' id='word_1_279' title='bbox 779 3235 837 3289; x_wconf 85' lang='lat' dir='ltr'>rx.</span> <span class='ocrx_word' id='word_1_280' title='bbox 855 3228 916 3285; x_wconf 87' lang='lat'>20.</span> <span class='ocrx_word' id='word_1_281' title='bbox 940 3212 1086 3307; x_wconf 77' lang='lat' dir='ltr'>Quibus</span> <span class='ocrx_word' id='word_1_282' title='bbox 1103 3216 1171 3293; x_wconf 87' lang='lat' dir='ltr'>rite</span> <span class='ocrx_word' id='word_1_283' title='bbox 1187 3238 1251 3312; x_wconf 83' lang='lat' dir='ltr'>per</span> <span class='ocrx_word' id='word_1_284' title='bbox 1280 3214 1478 3306; x_wconf 81' lang='lat' dir='ltr'>enfis,evi·.</span> 
     </span>
     <span class='ocr_line' id='line_1_32' title="bbox 78 3239 1474 3412; baseline 0.005 -21"><span class='ocrx_word' id='word_1_285' title='bbox 78 3312 264 3400; x_wconf 85' lang='lat' dir='ltr'>deusest,</span> <span class='ocrx_word' id='word_1_286' title='bbox 279 3311 642 3405; x_wconf 79' lang='lat' dir='ltr'>nihilexhocloco.</span> <span class='ocrx_word' id='word_1_287' title='bbox 671 3334 740 3410; x_wconf 86' lang='lat' dir='ltr'>pro</span> <span class='ocrx_word' id='word_1_288' title='bbox 753 3328 993 3412; x_wconf 85' lang='lat' dir='ltr'>perennatura</span> <span class='ocrx_word' id='word_1_289' title='bbox 1007 3314 1046 3389; x_wconf 92' lang='lat' dir='ltr'>in</span> <span class='ocrx_word' id='word_1_290' title='bbox 1063 3314 1236 3394; x_wconf 84' lang='lat' dir='ltr'>converso</span> <span class='ocrx_word' id='word_1_291' title='bbox 1253 3239 1378 3397; x_wconf 60' lang='lat' dir='ltr'>sfraele</span> <span class='ocrx_word' id='word_1_292' title='bbox 1404 3321 1474 3397; x_wconf 85' lang='lat' dir='ltr'>cir·</span> 
     </span>
     <span class='ocr_line' id='line_1_33' title="bbox 88 3407 665 3510; baseline -0.019 -15"><span class='ocrx_word' id='word_1_293' title='bbox 88 3412 339 3503; x_wconf 86' lang='lat' dir='ltr'>cumciiiooe,</span> <span class='ocrx_word' id='word_1_294' title='bbox 364 3411 535 3491; x_wconf 88' lang='lat' dir='ltr'>concludi</span> <span class='ocrx_word' id='word_1_295' title='bbox 553 3407 665 3510; x_wconf 81' lang='lat' dir='ltr'>poffe.</span> 
     </span>
    </p>
   </div>
   <div class='ocr_carea' id='block_1_4' title="bbox 89 3496 1766 3748">
    <p class='ocr_par' dir='ltr' id='par_1_4' title="bbox 89 3496 1766 3748">
     <span class='ocr_line' id='line_1_34' title="bbox 143 3496 1766 3660; baseline -0.01 -26"><span class='ocrx_word' id='word_1_296' title='bbox 143 3551 312 3634; x_wconf 82' lang='lat' dir='ltr'>xxvlt.</span> <span class='ocrx_word' id='word_1_297' title='bbox 332 3552 388 3631; x_wconf 86' lang='lat' dir='ltr'>Ex</span> <span class='ocrx_word' id='word_1_298' title='bbox 400 3551 525 3633; x_wconf 87' lang='lat' dir='ltr'>Veteri</span> <span class='ocrx_word' id='word_1_299' title='bbox 540 3552 775 3630; x_wconf 85' lang='lat' dir='ltr'>Testameuto</span> <span class='ocrx_word' id='word_1_300' title='bbox 789 3548 961 3647; x_wconf 85' lang='lat' dir='ltr'>objicitur</span> <span class='ocrx_word' id='word_1_301' title='bbox 977 3548 1094 3629; x_wconf 70' lang='lat' dir='ltr'>ruet.</span> <span class='ocrx_word' id='word_1_302' title='bbox 1111 3572 1217 3628; x_wconf 83' lang='lat' dir='ltr'>xrrv.</span> <span class='ocrx_word' id='word_1_303' title='bbox 1228 3571 1270 3643; x_wconf 75' lang='grc'>’9.</span> <span class='ocrx_word' id='word_1_304' title='bbox 1303 3496 1378 3629; x_wconf 80' lang='lat' dir='ltr'>uu</span> <span class='ocrx_word' id='word_1_305' title='bbox 1392 3502 1566 3660; x_wconf 58' lang='lat' dir='ltr'>Do-Qed</span> <span class='ocrx_word' id='word_1_306' title='bbox 1584 3593 1662 3655; x_wconf 72' lang='lat'><strong>1³¹2·</strong></span> <span class='ocrx_word' id='word_1_307' title='bbox 1753 3539 1766 3546; x_wconf 86' lang='grc'><em>’</em></span> 
     </span>
     <span class='ocr_line' id='line_1_35' title="bbox 89 3646 1624 3748; baseline -0.011 -17"><span class='ocrx_word' id='word_1_308' title='bbox 89 3659 244 3743; x_wconf 84' lang='lat' dir='ltr'>minut,</span> <span class='ocrx_word' id='word_1_309' title='bbox 262 3653 462 3731; x_wconf 73' lang='lat' dir='ltr'>describens</span> <span class='ocrx_word' id='word_1_310' title='bbox 473 3655 598 3731; x_wconf 83' lang='lat' dir='ltr'>statum</span> <span class='ocrx_word' id='word_1_311' title='bbox 615 3648 777 3730; x_wconf 83' lang='lat' dir='ltr'>Ecclesrae</span> <span class='ocrx_word' id='word_1_312' title='bbox 788 3653 868 3748; x_wconf 87' lang='lat' dir='ltr'>post</span> <span class='ocrx_word' id='word_1_313' title='bbox 883 3653 1075 3730; x_wconf 79' lang='lat' dir='ltr'>conversor</span> <span class='ocrx_word' id='word_1_314' title='bbox 1089 3650 1282 3742; x_wconf 75' lang='lat' dir='ltr'>Israeliten,</span> <span class='ocrx_word' id='word_1_315' title='bbox 1311 3657 1360 3728; x_wconf 87' lang='lat' dir='ltr'>ita</span> <span class='ocrx_word' id='word_1_316' title='bbox 1372 3646 1472 3725; x_wconf 82' lang='lat' dir='ltr'>infit:</span> <span class='ocrx_word' id='word_1_317' title='bbox 1489 3661 1624 3740; x_wconf 73' lang='lat' dir='ltr'>patratus·</span> 
     </span>
    </p>
   </div>
   <div class='ocr_carea' id='block_1_5' title="bbox 90 3736 1626 3881">
    <p class='ocr_par' dir='ltr' id='par_1_5' title="bbox 90 3736 1626 3881">
     <span class='ocr_line' id='line_1_36' title="bbox 90 3736 1626 3881; baseline 0.019 -68"><span class='ocrx_word' id='word_1_318' title='bbox 90 3757 187 3829; x_wconf 67' lang='lat' dir='ltr'>Ultus</span> <span class='ocrx_word' id='word_1_319' title='bbox 196 3755 387 3849; x_wconf 71' lang='lat' dir='ltr'>alienigena,</span> <span class='ocrx_word' id='word_1_320' title='bbox 398 3756 604 3845; x_wconf 71' lang='lat' dir='ltr'>praeputiatus</span> <span class='ocrx_word' id='word_1_321' title='bbox 615 3751 733 3846; x_wconf 80' lang='lat' dir='ltr'>corde,</span> <span class='ocrx_word' id='word_1_322' title='bbox 752 3749 1012 3848; x_wconf 66' lang='lat' dir='ltr'>&amp;perpetiatur</span> <span class='ocrx_word' id='word_1_323' title='bbox 1029 3776 1142 3833; x_wconf 73' lang='lat' dir='ltr'>emar,</span> <span class='ocrx_word' id='word_1_324' title='bbox 1157 3776 1219 3826; x_wconf 78' lang='lat' dir='ltr'>non</span> <span class='ocrx_word' id='word_1_325' title='bbox 1235 3754 1390 3823; x_wconf 82' lang='lat' dir='ltr'>verritvad</span> <span class='ocrx_word' id='word_1_326' title='bbox 1404 3747 1474 3835; x_wconf 60' lang='lat' dir='ltr'>sm·</span> <span class='ocrx_word' id='word_1_327' title='bbox 1490 3736 1626 3881; x_wconf 54' lang='grc' dir='ltr'><em>ἓζζέζξ</em></span> 
     </span>
    </p>
   </div>
   <div class='ocr_carea' id='block_1_6' title="bbox 1489 3898 1632 3981">
    <p class='ocr_par' dir='ltr' id='par_1_6' title="bbox 1489 3898 1632 3981">
     <span class='ocr_line' id='line_1_37' title="bbox 1489 3898 1632 3981; baseline -0.042 -21"><span class='ocrx_word' id='word_1_328' title='bbox 1489 3898 1546 3981; x_wconf 77' lang='lat' dir='ltr'>pud</span> <span class='ocrx_word' id='word_1_329' title='bbox 1556 3900 1632 3956; x_wconf 81' lang='lat' dir='ltr'>Eze-</span> 
     </span>
    </p>
   </div>
   <div class='ocr_carea' id='block_1_7' title="bbox 93 3845 1646 4543">
    <p class='ocr_par' dir='ltr' id='par_1_7' title="bbox 93 3845 1646 4526">
     <span class='ocr_line' id='line_1_38' title="bbox 95 3845 1473 3949; baseline -0.004 -23"><span class='ocrx_word' id='word_1_330' title='bbox 95 3856 264 3932; x_wconf 65' lang='lat' dir='ltr'>nutrium</span> <span class='ocrx_word' id='word_1_331' title='bbox 274 3855 1085 3949; x_wconf 73' lang='lat' dir='ltr'>meerribusverbisremotiopraeputiitam</span> <span class='ocrx_word' id='word_1_332' title='bbox 1093 3856 1220 3938; x_wconf 78' lang='lat' dir='ltr'>carnit,</span> <span class='ocrx_word' id='word_1_333' title='bbox 1248 3845 1473 3931; x_wconf 83' lang='lat' dir='ltr'>uamcordir,</span> 
     </span>
     <span class='ocr_line' id='line_1_39' title="bbox 93 3877 1644 4054; baseline -0.008 -21"><span class='ocrx_word' id='word_1_334' title='bbox 93 3954 262 4033; x_wconf 70' lang='lat' dir='ltr'>distincte</span> <span class='ocrx_word' id='word_1_335' title='bbox 275 3957 434 4054; x_wconf 85' lang='lat' dir='ltr'>exigitur</span> <span class='ocrx_word' id='word_1_336' title='bbox 445 3955 490 4029; x_wconf 83' lang='lat' dir='ltr'>ub</span> <span class='ocrx_word' id='word_1_337' title='bbox 504 3952 827 4050; x_wconf 81' lang='lat' dir='ltr'>omnibus‚quibut</span> <span class='ocrx_word' id='word_1_338' title='bbox 836 3877 1415 4045; x_wconf 50' lang='lat' dir='ltr'>jueestintraodiinsanduarium.</span> <span class='ocrx_word' id='word_1_339' title='bbox 1433 3946 1470 4023; x_wconf 85' lang='lat' dir='ltr'>Si</span> <span class='ocrx_word' id='word_1_340' title='bbox 1484 3981 1644 4051; x_wconf 27' lang='lat' dir='ltr'>‘him&#39;</span> 
     </span>
     <span class='ocr_line' id='line_1_40' title="bbox 93 4048 1646 4154; baseline -0.008 -20"><span class='ocrx_word' id='word_1_341' title='bbox 93 4059 136 4134; x_wconf 88' lang='lat' dir='ltr'>io</span> <span class='ocrx_word' id='word_1_342' title='bbox 153 4078 288 4154; x_wconf 80' lang='lat' dir='ltr'>genere</span> <span class='ocrx_word' id='word_1_343' title='bbox 307 4055 352 4130; x_wconf 89' lang='lat' dir='ltr'>de</span> <span class='ocrx_word' id='word_1_344' title='bbox 370 4057 547 4149; x_wconf 83' lang='lat' dir='ltr'>ptaeputio</span> <span class='ocrx_word' id='word_1_345' title='bbox 560 4066 748 4152; x_wconf 87' lang='lat' dir='ltr'>ageretur,</span> <span class='ocrx_word' id='word_1_346' title='bbox 768 4051 917 4148; x_wconf 87' lang='lat' dir='ltr'>planum</span> <span class='ocrx_word' id='word_1_347' title='bbox 940 4048 1025 4128; x_wconf 79' lang='lat' dir='ltr'>effet</span> <span class='ocrx_word' id='word_1_348' title='bbox 1038 4050 1076 4128; x_wconf 91' lang='lat' dir='ltr'>id</span> <span class='ocrx_word' id='word_1_349' title='bbox 1092 4050 1138 4128; x_wconf 90' lang='lat' dir='ltr'>de</span> <span class='ocrx_word' id='word_1_350' title='bbox 1158 4072 1264 4151; x_wconf 88' lang='lat' dir='ltr'>prava</span> <span class='ocrx_word' id='word_1_351' title='bbox 1286 4049 1473 4144; x_wconf 86' lang='lat' dir='ltr'>irregeuiti</span> <span class='ocrx_word' id='word_1_352' title='bbox 1632 4102 1646 4110; x_wconf 28' lang='lat' dir='ltr'>t</span> 
     </span>
     <span class='ocr_line' id='line_1_41' title="bbox 94 4146 1476 4252; baseline -0.006 -19"><span class='ocrx_word' id='word_1_353' title='bbox 94 4156 211 4233; x_wconf 88' lang='lat' dir='ltr'>animi</span> <span class='ocrx_word' id='word_1_354' title='bbox 224 4150 656 4252; x_wconf 81' lang='lat' dir='ltr'>dispofitioneexpltcare.</span> <span class='ocrx_word' id='word_1_355' title='bbox 671 4147 812 4228; x_wconf 71' lang='lat' dir='ltr'>Etiamsi</span> <span class='ocrx_word' id='word_1_356' title='bbox 834 4151 1052 4248; x_wconf 75' lang='lat' dir='ltr'>preputium</span> <span class='ocrx_word' id='word_1_357' title='bbox 1063 4146 1327 4228; x_wconf 81' lang='lat' dir='ltr'>carnisexserte</span> <span class='ocrx_word' id='word_1_358' title='bbox 1340 4148 1476 4243; x_wconf 87' lang='lat' dir='ltr'>dicere·</span> 
     </span>
     <span class='ocr_line' id='line_1_42' title="bbox 94 4245 1566 4351; baseline -0.005 -18"><span class='ocrx_word' id='word_1_359' title='bbox 94 4251 262 4338; x_wconf 84' lang='lat' dir='ltr'>tur‚nihil</span> <span class='ocrx_word' id='word_1_360' title='bbox 273 4252 447 4335; x_wconf 85' lang='lat' dir='ltr'>obstaret,</span> <span class='ocrx_word' id='word_1_361' title='bbox 465 4274 540 4351; x_wconf 89' lang='lat' dir='ltr'>quo</span> <span class='ocrx_word' id='word_1_362' title='bbox 561 4256 681 4331; x_wconf 83' lang='lat' dir='ltr'>minus</span> <span class='ocrx_word' id='word_1_363' title='bbox 695 4248 946 4350; x_wconf 87' lang='lat' dir='ltr'>propheticam</span> <span class='ocrx_word' id='word_1_364' title='bbox 960 4249 1125 4351; x_wconf 67' lang='lat' dir='ltr'>phrafio.</span> <span class='ocrx_word' id='word_1_365' title='bbox 1142 4274 1189 4327; x_wconf 82' lang='lat' dir='ltr'>ex</span> <span class='ocrx_word' id='word_1_366' title='bbox 1206 4245 1478 4325; x_wconf 79' lang='lat' dir='ltr'>VeterieTeiia-</span> <span class='ocrx_word' id='word_1_367' title='bbox 1562 4340 1566 4345; x_wconf 10' lang='grc' dir='ltr'><strong><em>Α</em></strong></span> 
     </span>
     <span class='ocr_line' id='line_1_43' title="bbox 97 4348 1483 4526; baseline -0.009 -92"><span class='ocrx_word' id='word_1_368' title='bbox 97 4348 1483 4526; x_wconf 50' lang='lat' dir='ltr'>mentiritibusdesumtamipiritgaliterintelligeremurdiuocautepsspprppp</span> 
     </span>
    </p>

    <p class='ocr_par' dir='ltr' id='par_1_8' title="bbox 632 4467 1420 4543">
     <span class='ocr_line' id='line_1_44' title="bbox 632 4467 1420 4543; baseline -0.008 -15"><span class='ocrx_word' id='word_1_369' title='bbox 632 4539 636 4543; x_wconf 49' lang='grc'><em>,</em></span> <span class='ocrx_word' id='word_1_370' title='bbox 713 4467 836 4542; x_wconf 70' lang='lat' dir='ltr'>ecca</span> <span class='ocrx_word' id='word_1_371' title='bbox 1396 4469 1420 4522; x_wconf 89' lang='lat' dir='ltr'>o</span> 
     </span>
    </p>
   </div>
   <div class='ocr_carea' id='block_1_8' title="bbox 0 0 1908 4842">
    <p class='ocr_par' dir='ltr' id='par_1_9' title="bbox 0 0 1908 4842">
     <span class='ocr_line' id='line_1_45' title="bbox 0 0 1908 4842; baseline 0 0"><span class='ocrx_word' id='word_1_372' title='bbox 0 0 1908 4842; x_wconf 95' lang='lat' dir='ltr'> </span> 
     </span>
    </p>
   </div>
  </div>
 </body>
</html>
