3792 4842
882 256 1043 339 Δικαία
1067 245 1214 337 heum

360 392 408 480 'ae
426 392 596 499 pietatis,
616 387 770 495 Deique
797 393 840 474 in
863 392 1016 475 Chrillo
1041 390 1362 497 glorificationem
1382 382 1564 479 reserens}
1598 392 1721 474 utha·

360 499 479 577 birior
494 517 539 573 ac
552 487 805 593 succulentior
823 488 950 573 nostra
965 494 1055 572 esset
1071 495 1364 572 commentario.
1415 493 1509 599 Qo
1526 486 1649 571 studio
1664 493 1724 572 uti·

359 594 459 679 nihil
473 592 587 672 nobis
606 592 735 669 utilius
754 593 979 695 dulciusque
989 586 1080 679 sitit,
1103 594 1154 670 ita
1180 588 1275 670 nibil
1297 589 1429 670 fortius
1454 593 1667 693 certiusque
1681 615 1721 671 a·

361 694 494 776 nimos
510 693 732 775 convincit,
759 715 881 793 quam
904 688 1151 795 perspicua&
1169 687 1291 769 sedata
1325 691 1488 778 veritatis
1511 688 1559 767 ad
1575 687 1722 791 confes,

354 799 507 875 entiam
523 786 819 879 demonstratio,
838 813 923 892 quae
940 790 1091 892 placido
1107 789 1485 892 procedensgressu,
1513 810 1536 864 a
1554 790 1660 867 claris
1677 810 1725 869 ac

230 934 234 943 ¹
361 888 539 974 confessis
554 884 657 974 orb,
684 891 723 968 dc
738 889 953 970 assertiones
973 888 1053 967 suas
1077 892 1260 968 continua
1287 889 1604 966 concatenatione
1635 912 1729 968 nec·

361 1008 473 1077 tens,
497 988 694 1093 paullatim
708 988 757 1067 ad
776 986 994 1068 abstrusiora
1012 988 1139 1075 ducit,
1166 990 1288 1087 iisque
1312 993 1394 1091 non
1412 989 1539 1065 nrinus
1563 985 1725 1091 adffipu.

360 1095 433 1172 lari
452 1090 579 1190 cogit,
606 1109 724 1187 quam
744 1111 828 1189 quas
848 1088 978 1204 primo
1002 1091 1140 1165 obtutu
1170 1082 1351 1165 assensum
1375 1087 1598 1187 impetrants
1625 1108 1726 1165 arca·

361 1215 414 1272 na
428 1190 582 1267 interim
603 1182 824 1263 efficacitate
855 1210 895 1263 tn
910 1188 1055 1288 penitas
1078 1188 1213 1264 animae
1238 1204 1359 1286 partes
1387 1184 1726 1287 illabens,casque

363 1292 407 1371 in
432 1282 737 1365 admirandarum
765 1285 842 1362 Dei
872 1287 1055 1362 virtutum
1090 1285 1417 1386 contemplatione
1445 1305 1535 1360 cum
1572 1280 1725 1387 stupore

362 1387 541 1490 quodam
578 1381 713 1484 figens.
739 1381 899 1463 Necesse
928 1402 1059 1460 tamen
1088 1403 1168 1462 erat
1195 1382 1244 1460 ad
1271 1378 1539 1461 sententiarum
1558 1381 1726 1481 divergia

470 1484 601 1584 doque
633 1484 840 1561 excurrere.
909 1480 985 1561 Ubi
1006 1480 1107 1573 ,mihi
1139 1504 1197 1559 res
1228 1479 1321 1568 suit,
1357 1482 1419 1559 vel
1449 1504 1539 1558 cum
1567 1478 1751 1584 publicis

363 1508 615 1666 ffifiarunr
645 1581 956 1660 Reformatatum
984 1577 1236 1667 Adversaris,
1266 1581 1475 1659 Socinianis
1512 1581 1724 1683 imprimis,

326 1732 330 1735 -
365 1688 406 1763 dc
422 1674 799 1767 Remonsttantibus,
815 1681 883 1779 qui
891 1678 1104 1757 dostrinam
1114 1680 1304 1758 foederum
1315 1678 1392 1755 Dei
1401 1679 1603 1758 audacibus
1616 1699 1727 1756 coru·

365 1782 508 1864 mentis
524 1774 754 1880 stupratum:
780 1780 841 1857 vel
861 1801 952 1855 cum
976 1780 1159 1857 Fratribus
1179 1777 1426 1878 quibusdam,
1452 1781 1520 1878 qui
1540 1773 1728 1880 hypothe-

243 1960 246 1969 ,
361 1880 459 1961 sesa
479 1879 640 1979 receptis
659 1873 818 1957 diversas
850 1874 1037 1964 formare,
1072 1886 1212 1977 easque
1235 1874 1411 1954 universae
1439 1877 1727 1980 propemodum

365 1978 594 2077 Theologiae
611 1973 860 2062 substernere,
872 1979 913 2056 in
924 1980 1099 2056 animum
1109 1977 1345 2054 indurcnmt.
1372 1974 1586 2078 Utrobique
1601 1974 1730 2053 candi·-

367 2080 417 2159 de
440 2077 564 2153 me&
581 2072 754 2153 modelle
771 2073 906 2174 eglise,
923 2098 973 2153 ne
984 2075 1060 2178 ipse
1080 2074 1261 2177 quidem,
1286 2092 1330 2151 ut
1357 2077 1518 2179 opinor,
1543 2076 1643 2153 livor
1660 2090 1729 2151 ne-

365 2178 523 2282 gaverit.
546 2174 692 2252 Statum
705 2174 971 2255 controversiae
990 2197 1036 2251 ex
1048 2198 1143 2254 vero
1161 2171 1347 2261 formavi,
1366 2175 1512 2252 nemini
1521 2176 1729 2276 quicquam

366 2274 517 2360 affinxi,
540 2271 649 2373 quod
668 2296 740 2376 pro
757 2269 826 2353 suo
846 2296 929 2363 non
961 2273 1124 2351 debebat
1153 2269 1376 2374 agnoscere:
1411 2275 1531 2373 iisque
1560 2268 1730 2374 pugnavi

365 2372 621 2476 argumentis,
646 2396 731 2473 quae
746 2395 875 2452 meam
889 2375 991 2475 prius
1007 2366 1604 2474 expugnaveruntconscietuiam.
1631 2370 1731 2477 Qi-

367 2475 441 2552 bus
457 2492 556 2573 ego,
575 2469 602 2547 fi
623 2495 692 2572 per
708 2469 744 2548 se
760 2471 878 2550 solida
894 2493 978 2550 non
993 2468 1084 2556 sint,
1113 2470 1262 2548 nullum
1287 2471 1404 2547 robur
1426 2470 1604 2548 accedere
1627 2489 1730 2549 ratus

368 2570 478 2657 sum,
495 2593 542 2646 ex
556 2568 692 2647 affeetu
705 2594 750 2648 ac
763 2565 1006 2648 vehementia
1021 2565 1247 2671 disputantis.
1275 2570 1463 2673 Imprimis
1473 2588 1582 2646 caute
1593 2591 1731 2673 proce·

369 2670 541 2748 dendum
551 2672 767 2755 autumavi,
787 2670 855 2748 ubi
869 2672 911 2748 in
932 2670 1101 2746 Fratrum
1125 2670 1347 2746 sententiam
1365 2671 1406 2746 in
1435 2671 1610 2746 uirerem.
1662 2665 1730 2745 Ad

370 2791 491 2871 quam
502 2789 586 2843 rem
606 2790 807 2868 nunquam
827 2792 878 2848 eo
896 2764 1027 2846 acceffi
1045 2769 1203 2851 animo,
1221 2785 1264 2841 ut
1273 2767 1337 2843 vel
1350 2691 1552 2845 vessulam
1569 2763 1729 2869 aliquod

370 2872 498 2944 minus
525 2864 843 2955 etamuffitarum,
880 2868 943 2944 vel
967 2863 1112 2968 phrafin
1141 2864 1358 2951 duriorem,
1387 2867 1449 2942 vel
1486 2865 1728 2945 assertionem

369 2964 592 3043 crudiorem
610 2961 796 3066 rusparer,
823 2968 864 3043 in
886 2987 961 3065 qua
977 2964 1133 3042 dentem
1144 2963 1260 3063 figere
1275 2964 1415 3040 liceret.
1456 2967 1545 3043 Hoc
1568 2967 1621 3043 illi
1639 2963 1728 3045 saci-

371 3083 458 3147 ant,
486 3083 587 3161 quos
602 3057 821 3166 αυκοφάντιις
840 3101 902 3148 των
918 3059 1083 3161 ivandam
1101 3064 1305 3160 Gregorius
1322 3065 1588 3141 Nazianzenus
1601 3063 1729 3166 appel·

324 3160 327 3167 l
370 3162 485 3242 lavits
511 3183 588 3259 ego
616 3155 724 3236 satius
752 3186 818 3240 me
840 3161 1027 3240 numum
1055 3162 1247 3238 arbitratus
1265 3159 1369 3247 sum,
1395 3160 1422 3238 fi
1452 3161 1730 3263 expenderem„

372 3254 573 3362 quousque
614 3255 832 3338 Orthodoxi
857 3283 995 3337 omnes
1032 3263 1304 3343 convenirent,
1351 3262 1391 3337 dc
1433 3259 1639 3361 quomodo
1690 3266 1732 3339 in

371 3355 663 3435 commodiores
673 3356 859 3457 loquendi
867 3357 1042 3449 formulae
1053 3356 1345 3438 accuratioribus
1354 3358 1443 3435 alibi
1454 3359 1733 3443 emollirentur,

117 3454 121 3469 ’
252 3486 255 3491 ·
335 3508 341 3519 -
370 3475 486 3555 arque
504 3455 558 3530 ibi
588 3454 748 3532 demum
767 3455 1024 3545 subsisterem,
1052 3455 1117 3534 ubi
1134 3479 1262 3533 revera
1286 3452 1553 3534 sententiarum
1566 3455 1733 3534 divorti·

371 3574 441 3629 um
458 3550 532 3630 est:
563 3553 671 3651 quod
690 3551 875 3657 spondere
896 3556 1012 3638 auslm
1033 3554 1240 3656 aliquando
1262 3557 1389 3632 minus
1413 3552 1534 3631 visum
1564 3558 1631 3640 iri,
1657 3559 1732 3633 mi·

371 3655 554 3753 notisque
572 3658 787 3741 momenti,
805 3657 931 3734 modo
952 3660 1082 3733 minor
1100 3653 1143 3731 sit
1157 3654 1335 3730 alienatio
1352 3657 1583 3731 animorum.
1631 3654 1730 3731 Non

370 3748 566 3829 dissimulo
587 3768 716 3831 tamen
735 3754 797 3830 vel
814 3756 1031 3833 locutiones
1050 3751 1283 3837 inconditas,
1314 3751 1375 3829 vel
1395 3754 1731 3855 interpretamenta

372 3848 519 3932 aliena,
545 3849 605 3926 vel
622 3846 743 3926 theses
764 3848 932 3928 absonas.
983 3848 1099 3930 Est&
1121 3851 1187 3926 ubi
1204 3849 1475 3927 nonnullarum
1492 3850 1732 3951 periculum,

369 3940 434 4021 sed
450 3944 527 4021 stne
543 3946 718 4025 docentis
733 3947 1031 4036 obtrectatione,
1056 3949 1132 4027 stne
1151 3943 1294 4024 finistro
1310 3945 1463 4033 affeetu,
1488 3948 1640 4048 detego.
1665 3949 1732 4027 Pa·

290 4049 295 4056 ’
371 4060 460 4117 reor
480 4045 608 4127 enim,
634 4068 700 4125 me
716 4066 807 4123 cum
830 4050 874 4124 iis
894 4045 1039 4133 facere,
1067 4050 1135 4146 qui
1159 4044 1405 4133 fundamenta
1438 4045 1616 4126 dodrinae
1646 4045 1732 4128 fos·

367 4135 504 4216 denus
518 4158 597 4217 tarn
614 4140 774 4224 feliciter
793 4146 889 4223 olim
915 4150 956 4224 in
977 4143 1136 4223 Ecclefia
1155 4143 1284 4219 tradita
1299 4141 1371 4219 elle
1387 4146 1577 4246 opinatur,
1601 4166 1644 4226 ut
1659 4170 1731 4226 no·
1826 4186 1833 4191 -

371 4232 1057 4350 visbypothesrbusnouindigecmus;
1085 4242 1275 4351 inquibus
1296 4264 1383 4324 earu
1396 4266 1472 4349 ego
1485 4240 1729 4335 soliditatem,
