<?xml version="1.0" encoding="UTF-8"?>
<!DOCTYPE html PUBLIC "-//W3C//DTD XHTML 1.0 Transitional//EN"
    "http://www.w3.org/TR/xhtml1/DTD/xhtml1-transitional.dtd">
<html xmlns="http://www.w3.org/1999/xhtml" xml:lang="en" lang="en">
 <head>
  <title>
</title>
<meta http-equiv="Content-Type" content="text/html;charset=utf-8" />
  <meta name='ocr-system' content='tesseract 3.04.00' />
  <meta name='ocr-capabilities' content='ocr_page ocr_carea ocr_par ocr_line ocrx_word'/>
</head>
<body>
  <div class='ocr_page' id='page_1' title='image "./hermanniwitsiid00witsgoog_0019.png"; bbox 0 0 3792 4842; ppageno 0'>
   <div class='ocr_carea' id='block_1_1' title="bbox 676 220 999 298">
    <p class='ocr_par' dir='ltr' id='par_1_1' title="bbox 676 220 999 298">
     <span class='ocr_line' id='line_1_1' title="bbox 676 220 999 298; baseline 0 -1"><span class='ocrx_word' id='word_1_1' title='bbox 676 220 843 298; x_wconf 65' lang='lat' dir='ltr'>,almeo</span> <span class='ocrx_word' id='word_1_2' title='bbox 862 224 999 297; x_wconf 68' lang='lat' dir='ltr'>Imilce.</span> 
     </span>
    </p>
   </div>
   <div class='ocr_carea' id='block_1_2' title="bbox 49 349 1624 2739">
    <p class='ocr_par' dir='ltr' id='par_1_2' title="bbox 49 349 1624 2716">
     <span class='ocr_line' id='line_1_2' title="bbox 154 349 1526 468; baseline 0.009 -37"><span class='ocrx_word' id='word_1_3' title='bbox 154 349 309 445; x_wconf 86' lang='lat' dir='ltr'>scientia·</span> <span class='ocrx_word' id='word_1_4' title='bbox 320 353 592 436; x_wconf 80' lang='lat' dir='ltr'>alienissimum</span> <span class='ocrx_word' id='word_1_5' title='bbox 609 353 676 445; x_wconf 87' lang='lat' dir='ltr'>iit,</span> <span class='ocrx_word' id='word_1_6' title='bbox 693 357 855 437; x_wconf 88' lang='lat' dir='ltr'>alterum</span> <span class='ocrx_word' id='word_1_7' title='bbox 873 378 1005 439; x_wconf 86' lang='lat' dir='ltr'>autem</span> <span class='ocrx_word' id='word_1_8' title='bbox 1024 359 1228 440; x_wconf 85' lang='lat' dir='ltr'>obscurum</span> <span class='ocrx_word' id='word_1_9' title='bbox 1243 359 1316 441; x_wconf 81' lang='lat' dir='ltr'>erse</span> <span class='ocrx_word' id='word_1_10' title='bbox 1334 383 1416 443; x_wconf 90' lang='lat' dir='ltr'>non</span> <span class='ocrx_word' id='word_1_11' title='bbox 1443 360 1526 468; x_wconf 90' lang='lat' dir='ltr'>pos-</span> 
     </span>
     <span class='ocr_line' id='line_1_3' title="bbox 152 452 1525 560; baseline 0.007 -25"><span class='ocrx_word' id='word_1_12' title='bbox 152 457 196 535; x_wconf 85' lang='lat' dir='ltr'>srt</span> <span class='ocrx_word' id='word_1_13' title='bbox 209 452 365 536; x_wconf 87' lang='lat' dir='ltr'>homini</span> <span class='ocrx_word' id='word_1_14' title='bbox 380 461 425 535; x_wconf 87' lang='lat' dir='ltr'>in</span> <span class='ocrx_word' id='word_1_15' title='bbox 443 459 567 560; x_wconf 89' lang='lat' dir='ltr'>aliqua</span> <span class='ocrx_word' id='word_1_16' title='bbox 591 458 678 535; x_wconf 91' lang='lat' dir='ltr'>luce</span> <span class='ocrx_word' id='word_1_17' title='bbox 701 455 867 537; x_wconf 84' lang='lat' dir='ltr'>versato:</span> <span class='ocrx_word' id='word_1_18' title='bbox 895 464 1064 540; x_wconf 91' lang='lat' dir='ltr'>omnino</span> <span class='ocrx_word' id='word_1_19' title='bbox 1091 457 1187 538; x_wconf 91' lang='lat' dir='ltr'>mihi</span> <span class='ocrx_word' id='word_1_20' title='bbox 1207 465 1304 540; x_wconf 85' lang='lat' dir='ltr'>ratio</span> <span class='ocrx_word' id='word_1_21' title='bbox 1335 464 1525 545; x_wconf 83' lang='lat' dir='ltr'>reddenda</span> 
     </span>
     <span class='ocr_line' id='line_1_4' title="bbox 154 556 1597 663; baseline 0.006 -29"><span class='ocrx_word' id='word_1_22' title='bbox 154 556 222 634; x_wconf 87' lang='lat' dir='ltr'>eise</span> <span class='ocrx_word' id='word_1_23' title='bbox 245 558 423 646; x_wconf 90' lang='lat' dir='ltr'>viderur,</span> <span class='ocrx_word' id='word_1_24' title='bbox 450 580 517 635; x_wconf 89' lang='lat' dir='ltr'>cur</span> <span class='ocrx_word' id='word_1_25' title='bbox 536 559 672 637; x_wconf 88' lang='lat' dir='ltr'>iterum</span> <span class='ocrx_word' id='word_1_26' title='bbox 685 558 843 636; x_wconf 80' lang='lat' dir='ltr'>nuncin</span> <span class='ocrx_word' id='word_1_27' title='bbox 860 559 1056 663; x_wconf 90' lang='lat' dir='ltr'>publicum</span> <span class='ocrx_word' id='word_1_28' title='bbox 1075 562 1283 663; x_wconf 82' lang='lat' dir='ltr'>prodeam,</span> <span class='ocrx_word' id='word_1_29' title='bbox 1310 563 1459 663; x_wconf 90' lang='lat' dir='ltr'>&amp;quid</span> <span class='ocrx_word' id='word_1_30' title='bbox 1480 589 1546 641; x_wconf 71' lang='lat' dir='ltr'>o·v</span> <span class='ocrx_word' id='word_1_31' title='bbox 1586 647 1597 659; x_wconf 68' lang='grc'>,</span> 
     </span>
     <span class='ocr_line' id='line_1_5' title="bbox 152 655 1525 760; baseline 0.005 -27"><span class='ocrx_word' id='word_1_32' title='bbox 152 659 250 760; x_wconf 88' lang='lat' dir='ltr'>peris</span> <span class='ocrx_word' id='word_1_33' title='bbox 271 655 405 750; x_wconf 83' lang='lat' dir='ltr'>hujus,</span> <span class='ocrx_word' id='word_1_34' title='bbox 431 657 540 759; x_wconf 92' lang='lat' dir='ltr'>quod</span> <span class='ocrx_word' id='word_1_35' title='bbox 552 657 680 735; x_wconf 86' lang='lat' dir='ltr'>Patriis</span> <span class='ocrx_word' id='word_1_36' title='bbox 697 656 870 736; x_wconf 87' lang='lat' dir='ltr'>Ecclefiis</span> <span class='ocrx_word' id='word_1_37' title='bbox 890 656 1036 746; x_wconf 86' lang='lat' dir='ltr'>offero,</span> <span class='ocrx_word' id='word_1_38' title='bbox 1062 656 1297 742; x_wconf 87' lang='lat' dir='ltr'>institutum,</span> <span class='ocrx_word' id='word_1_39' title='bbox 1329 664 1415 760; x_wconf 88' lang='lat' dir='ltr'>quis</span> <span class='ocrx_word' id='word_1_40' title='bbox 1443 658 1525 740; x_wconf 88' lang='lat' dir='ltr'>sco·</span> 
     </span>
     <span class='ocr_line' id='line_1_6' title="bbox 99 752 1525 863; baseline 0.006 -33"><span class='ocrx_word' id='word_1_41' title='bbox 99 770 117 813; x_wconf 74' lang='lat'>-‘</span> <span class='ocrx_word' id='word_1_42' title='bbox 152 778 222 859; x_wconf 82' lang='lat' dir='ltr'>pus</span> <span class='ocrx_word' id='word_1_43' title='bbox 240 752 296 831; x_wconf 88' lang='lat' dir='ltr'>lit.</span> <span class='ocrx_word' id='word_1_44' title='bbox 322 757 476 863; x_wconf 80' lang='lat' dir='ltr'>Qubus</span> <span class='ocrx_word' id='word_1_45' title='bbox 497 776 627 835; x_wconf 86' lang='lat' dir='ltr'>autem</span> <span class='ocrx_word' id='word_1_46' title='bbox 644 759 835 834; x_wconf 89' lang='lat' dir='ltr'>rationem</span> <span class='ocrx_word' id='word_1_47' title='bbox 849 752 958 836; x_wconf 84' lang='lat' dir='ltr'>istam</span> <span class='ocrx_word' id='word_1_48' title='bbox 975 762 1103 859; x_wconf 88' lang='lat' dir='ltr'>potius</span> <span class='ocrx_word' id='word_1_49' title='bbox 1119 782 1236 860; x_wconf 89' lang='lat' dir='ltr'>quam</span> <span class='ocrx_word' id='word_1_50' title='bbox 1256 760 1367 837; x_wconf 90' lang='lat' dir='ltr'>vobis</span> <span class='ocrx_word' id='word_1_51' title='bbox 1393 761 1525 839; x_wconf 89' lang='lat' dir='ltr'>redde·</span> 
     </span>
     <span class='ocr_line' id='line_1_7' title="bbox 154 856 1624 961; baseline 0.007 -33"><span class='ocrx_word' id='word_1_52' title='bbox 154 856 371 935; x_wconf 49' lang='lat' dir='ltr'>,emmiu</span> <span class='ocrx_word' id='word_1_53' title='bbox 390 857 630 960; x_wconf 79' lang='lat' dir='ltr'>Rsvrrtrnor</span> <span class='ocrx_word' id='word_1_54' title='bbox 655 858 695 934; x_wconf 71' lang='grc' dir='ltr'>ὅ(</span> <span class='ocrx_word' id='word_1_55' title='bbox 720 856 972 934; x_wconf 76' lang='lat' dir='ltr'>Cranrssnu?</span> <span class='ocrx_word' id='word_1_56' title='bbox 1000 880 1100 959; x_wconf 90' lang='lat' dir='ltr'>quos</span> <span class='ocrx_word' id='word_1_57' title='bbox 1117 882 1161 936; x_wconf 87' lang='lat' dir='ltr'>ea</span> <span class='ocrx_word' id='word_1_58' title='bbox 1182 882 1267 935; x_wconf 88' lang='lat' dir='ltr'>cura</span> <span class='ocrx_word' id='word_1_59' title='bbox 1284 862 1425 957; x_wconf 78' lang='lat' dir='ltr'>tangit,</span> <span class='ocrx_word' id='word_1_60' title='bbox 1454 863 1524 961; x_wconf 91' lang='lat' dir='ltr'>qui</span> <span class='ocrx_word' id='word_1_61' title='bbox 1621 934 1624 953; x_wconf 82' lang='grc'>,</span> 
     </span>
     <span class='ocr_line' id='line_1_8' title="bbox 151 950 1521 1060; baseline 0.004 -30"><span class='ocrx_word' id='word_1_62' title='bbox 151 953 200 1030; x_wconf 90' lang='lat' dir='ltr'>de</span> <span class='ocrx_word' id='word_1_63' title='bbox 213 950 314 1029; x_wconf 86' lang='lat' dir='ltr'>hisce</span> <span class='ocrx_word' id='word_1_64' title='bbox 332 954 444 1035; x_wconf 84' lang='lat' dir='ltr'>rebus</span> <span class='ocrx_word' id='word_1_65' title='bbox 464 956 629 1045; x_wconf 80' lang='lat' dir='ltr'>iudicare</span> <span class='ocrx_word' id='word_1_66' title='bbox 650 956 830 1046; x_wconf 87' lang='lat' dir='ltr'>omnium</span> <span class='ocrx_word' id='word_1_67' title='bbox 847 958 1014 1034; x_wconf 84' lang='lat' dir='ltr'>maxime</span> <span class='ocrx_word' id='word_1_68' title='bbox 1032 957 1164 1033; x_wconf 90' lang='lat' dir='ltr'>idonei</span> <span class='ocrx_word' id='word_1_69' title='bbox 1179 955 1275 1041; x_wconf 90' lang='lat' dir='ltr'>istis,</span> <span class='ocrx_word' id='word_1_70' title='bbox 1293 956 1521 1060; x_wconf 85' lang='lat' dir='ltr'>quibusque,</span> 
     </span>
     <span class='ocr_line' id='line_1_9' title="bbox 206 1049 1525 1158; baseline 0.005 -30"><span class='ocrx_word' id='word_1_71' title='bbox 206 1049 238 1129; x_wconf 85' lang='lat' dir='ltr'>st</span> <span class='ocrx_word' id='word_1_72' title='bbox 253 1053 387 1130; x_wconf 89' lang='lat' dir='ltr'>Deum</span> <span class='ocrx_word' id='word_1_73' title='bbox 403 1057 442 1131; x_wconf 75' lang='grc' dir='ltr'>ὅ(</span> <span class='ocrx_word' id='word_1_74' title='bbox 453 1051 762 1137; x_wconf 79' lang='lat' dir='ltr'>Conscientiam,</span> <span class='ocrx_word' id='word_1_75' title='bbox 781 1051 899 1132; x_wconf 86' lang='lat' dir='ltr'>studia</span> <span class='ocrx_word' id='word_1_76' title='bbox 917 1078 1004 1132; x_wconf 93' lang='lat' dir='ltr'>mea</span> <span class='ocrx_word' id='word_1_77' title='bbox 1022 1052 1231 1156; x_wconf 84' lang='lat' dir='ltr'>approbaie</span> <span class='ocrx_word' id='word_1_78' title='bbox 1248 1058 1435 1156; x_wconf 85' lang='lat' dir='ltr'>imprimis</span> <span class='ocrx_word' id='word_1_79' title='bbox 1457 1078 1525 1158; x_wconf 76' lang='lat' dir='ltr'>ge·-</span> 
     </span>
     <span class='ocr_line' id='line_1_10' title="bbox 196 1150 1522 1254; baseline 0.002 -24"><span class='ocrx_word' id='word_1_80' title='bbox 196 1177 235 1234; x_wconf 92' lang='lat' dir='ltr'>o.</span> <span class='ocrx_word' id='word_1_81' title='bbox 262 1151 306 1227; x_wconf 93' lang='lat' dir='ltr'>ld</span> <span class='ocrx_word' id='word_1_82' title='bbox 325 1172 412 1230; x_wconf 88' lang='lat' dir='ltr'>ante</span> <span class='ocrx_word' id='word_1_83' title='bbox 439 1156 572 1230; x_wconf 87' lang='lat' dir='ltr'>omnia</span> <span class='ocrx_word' id='word_1_84' title='bbox 596 1152 738 1231; x_wconf 88' lang='lat' dir='ltr'>srncere</span> <span class='ocrx_word' id='word_1_85' title='bbox 767 1154 972 1254; x_wconf 88' lang='lat' dir='ltr'>profiteor,</span> <span class='ocrx_word' id='word_1_86' title='bbox 1009 1179 1092 1231; x_wconf 90' lang='lat' dir='ltr'>non</span> <span class='ocrx_word' id='word_1_87' title='bbox 1113 1151 1316 1233; x_wconf 83' lang='lat' dir='ltr'>insanabile</span> <span class='ocrx_word' id='word_1_88' title='bbox 1335 1150 1522 1239; x_wconf 90' lang='lat' dir='ltr'>scribendi</span> 
     </span>
     <span class='ocr_line' id='line_1_11' title="bbox 150 1248 1521 1350; baseline 0.002 -21"><span class='ocrx_word' id='word_1_89' title='bbox 150 1248 355 1329; x_wconf 73' lang='lat' dir='ltr'>cacoethes</span> <span class='ocrx_word' id='word_1_90' title='bbox 371 1302 383 1338; x_wconf 92' lang='lat'>,</span> <span class='ocrx_word' id='word_1_91' title='bbox 408 1276 496 1337; x_wconf 58' lang='lat' dir='ltr'>non⁴</span> <span class='ocrx_word' id='word_1_92' title='bbox 509 1255 631 1329; x_wconf 89' lang='lat' dir='ltr'>inanis</span> <span class='ocrx_word' id='word_1_93' title='bbox 647 1254 822 1350; x_wconf 81' lang='lat' dir='ltr'>gloriolae</span> <span class='ocrx_word' id='word_1_94' title='bbox 840 1251 1015 1333; x_wconf 87' lang='lat' dir='ltr'>vesanam</span> <span class='ocrx_word' id='word_1_95' title='bbox 1037 1254 1317 1338; x_wconf 87' lang='lat' dir='ltr'>ambitionem,</span> <span class='ocrx_word' id='word_1_96' title='bbox 1335 1278 1417 1332; x_wconf 95' lang='lat' dir='ltr'>non</span> <span class='ocrx_word' id='word_1_97' title='bbox 1437 1278 1521 1332; x_wconf 88' lang='lat' dir='ltr'>cru·</span> 
     </span>
     <span class='ocr_line' id='line_1_12' title="bbox 102 1348 1520 1450; baseline 0.005 -27"><span class='ocrx_word' id='word_1_98' title='bbox 102 1408 111 1423; x_wconf 79' lang='grc'><em>.</em></span> <span class='ocrx_word' id='word_1_99' title='bbox 151 1348 742 1450; x_wconf 80' lang='lat' dir='ltr'>ginemanimiaut-succumatrae</span> <span class='ocrx_word' id='word_1_100' title='bbox 758 1351 950 1449; x_wconf 80' lang='lat' dir='ltr'>loliginis,</span> <span class='ocrx_word' id='word_1_101' title='bbox 977 1376 1059 1430; x_wconf 90' lang='lat' dir='ltr'>non</span> <span class='ocrx_word' id='word_1_102' title='bbox 1070 1355 1242 1429; x_wconf 87' lang='lat' dir='ltr'>ulcerum</span> <span class='ocrx_word' id='word_1_103' title='bbox 1266 1352 1520 1431; x_wconf 86' lang='lat' dir='ltr'>vulnerumve</span> 
     </span>
     <span class='ocr_line' id='line_1_13' title="bbox 152 1447 1519 1544; baseline 0.002 -17"><span class='ocrx_word' id='word_1_104' title='bbox 152 1447 324 1527; x_wconf 80' lang='lat' dir='ltr'>Ecclefiae</span> <span class='ocrx_word' id='word_1_105' title='bbox 346 1449 651 1528; x_wconf 85' lang='lat' dir='ltr'>diducendorum</span> <span class='ocrx_word' id='word_1_106' title='bbox 683 1447 940 1528; x_wconf 84' lang='lat' dir='ltr'>detestandam</span> <span class='ocrx_word' id='word_1_107' title='bbox 969 1474 1016 1528; x_wconf 93' lang='lat' dir='ltr'>cu</span> <span class='ocrx_word' id='word_1_108' title='bbox 1045 1451 1211 1539; x_wconf 87' lang='lat' dir='ltr'>idincm,</span> <span class='ocrx_word' id='word_1_109' title='bbox 1251 1475 1333 1531; x_wconf 93' lang='lat' dir='ltr'>non</span> <span class='ocrx_word' id='word_1_110' title='bbox 1364 1453 1519 1544; x_wconf 77' lang='lat' dir='ltr'>alicuius</span> 
     </span>
     <span class='ocr_line' id='line_1_14' title="bbox 154 1476 1518 1652; baseline -0.001 -25"><span class='ocrx_word' id='word_1_111' title='bbox 154 1551 214 1627; x_wconf 90' lang='lat' dir='ltr'>vel</span> <span class='ocrx_word' id='word_1_112' title='bbox 237 1546 349 1624; x_wconf 83' lang='lat' dir='ltr'>famae</span> <span class='ocrx_word' id='word_1_113' title='bbox 377 1545 621 1634; x_wconf 78' lang='lat' dir='ltr'>offlrscandae,</span> <span class='ocrx_word' id='word_1_114' title='bbox 650 1551 711 1627; x_wconf 90' lang='lat' dir='ltr'>vel</span> <span class='ocrx_word' id='word_1_115' title='bbox 732 1553 747 1634; x_wconf 79' lang='grc' dir='ltr'><strong><em>ἐ</em></strong></span> <span class='ocrx_word' id='word_1_116' title='bbox 766 1545 932 1652; x_wconf 51' lang='lat' dir='ltr'>Sobila</span> <span class='ocrx_word' id='word_1_117' title='bbox 957 1476 1213 1634; x_wconf 53' lang='lat' dir='ltr'>traducenda,</span> <span class='ocrx_word' id='word_1_118' title='bbox 1239 1551 1303 1628; x_wconf 87' lang='lat' dir='ltr'>vel</span> <span class='ocrx_word' id='word_1_119' title='bbox 1329 1547 1518 1627; x_wconf 75' lang='lat' dir='ltr'>sententia</span> 
     </span>
     <span class='ocr_line' id='line_1_15' title="bbox 149 1583 1519 1825; baseline 0.004 -101"><span class='ocrx_word' id='word_1_120' title='bbox 149 1648 422 1749; x_wconf 75' lang='lat' dir='ltr'>detorquenda</span> <span class='ocrx_word' id='word_1_121' title='bbox 455 1646 628 1728; x_wconf 88' lang='lat' dir='ltr'>odiosam</span> <span class='ocrx_word' id='word_1_122' title='bbox 654 1583 886 1735; x_wconf 70' lang='lat' dir='ltr'>lubidinem,</span> <span class='ocrx_word' id='word_1_123' title='bbox 913 1675 997 1729; x_wconf 91' lang='lat' dir='ltr'>non</span> <span class='ocrx_word' id='word_1_124' title='bbox 1019 1648 1184 1825; x_wconf 55' lang='lat' dir='ltr'>denipue</span> <span class='ocrx_word' id='word_1_125' title='bbox 1204 1650 1329 1726; x_wconf 91' lang='lat' dir='ltr'>litium</span> <span class='ocrx_word' id='word_1_126' title='bbox 1348 1646 1519 1729; x_wconf 81' lang='lat' dir='ltr'>serenda-¹</span> 
     </span>
     <span class='ocr_line' id='line_1_16' title="bbox 151 1744 1519 1845; baseline 0 -22"><span class='ocrx_word' id='word_1_127' title='bbox 151 1770 260 1831; x_wconf 83' lang='lat' dir='ltr'>rum,</span> <span class='ocrx_word' id='word_1_128' title='bbox 286 1746 572 1845; x_wconf 82' lang='lat' dir='ltr'>augendarum,</span> <span class='ocrx_word' id='word_1_129' title='bbox 597 1744 1099 1827; x_wconf 80' lang='lat' dir='ltr'>continuandarumrnfame</span> <span class='ocrx_word' id='word_1_130' title='bbox 1146 1747 1300 1833; x_wconf 90' lang='lat' dir='ltr'>udium,</span> <span class='ocrx_word' id='word_1_131' title='bbox 1326 1749 1519 1826; x_wconf 85' lang='lat' dir='ltr'>calamum</span> 
     </span>
     <span class='ocr_line' id='line_1_17' title="bbox 152 1843 1519 1946; baseline 0.002 -26"><span class='ocrx_word' id='word_1_132' title='bbox 152 1843 252 1924; x_wconf 87' lang='lat' dir='ltr'>bunc</span> <span class='ocrx_word' id='word_1_133' title='bbox 267 1850 399 1924; x_wconf 91' lang='lat' dir='ltr'>manui</span> <span class='ocrx_word' id='word_1_134' title='bbox 417 1871 513 1924; x_wconf 83' lang='lat' dir='ltr'>nreae</span> <span class='ocrx_word' id='word_1_135' title='bbox 531 1847 710 1927; x_wconf 81' lang='lat' dir='ltr'>indidisse.</span> <span class='ocrx_word' id='word_1_136' title='bbox 741 1851 895 1926; x_wconf 85' lang='lat' dir='ltr'>Etenim</span> <span class='ocrx_word' id='word_1_137' title='bbox 918 1867 960 1926; x_wconf 91' lang='lat' dir='ltr'>ut</span> <span class='ocrx_word' id='word_1_138' title='bbox 978 1869 1053 1946; x_wconf 89' lang='lat' dir='ltr'>ego</span> <span class='ocrx_word' id='word_1_139' title='bbox 1069 1843 1220 1924; x_wconf 87' lang='lat' dir='ltr'>istarum</span> <span class='ocrx_word' id='word_1_140' title='bbox 1235 1848 1363 1925; x_wconf 87' lang='lat' dir='ltr'>return</span> <span class='ocrx_word' id='word_1_141' title='bbox 1381 1846 1519 1925; x_wconf 82' lang='lat' dir='ltr'>caussas</span> 
     </span>
     <span class='ocr_line' id='line_1_18' title="bbox 147 1944 1516 2047; baseline -0.002 -23"><span class='ocrx_word' id='word_1_142' title='bbox 147 1969 289 2024; x_wconf 88' lang='lat' dir='ltr'>omnes</span> <span class='ocrx_word' id='word_1_143' title='bbox 306 1944 606 2045; x_wconf 87' lang='lat' dir='ltr'>proculbabeo,</span> <span class='ocrx_word' id='word_1_144' title='bbox 630 1950 682 2024; x_wconf 88' lang='lat' dir='ltr'>ita</span> <span class='ocrx_word' id='word_1_145' title='bbox 704 1951 742 2027; x_wconf 80' lang='lat' dir='ltr'>dr</span> <span class='ocrx_word' id='word_1_146' title='bbox 760 1944 978 2024; x_wconf 86' lang='lat' dir='ltr'>universum</span> <span class='ocrx_word' id='word_1_147' title='bbox 992 1945 1105 2040; x_wconf 83' lang='lat' dir='ltr'>hujus</span> <span class='ocrx_word' id='word_1_148' title='bbox 1125 1949 1251 2047; x_wconf 89' lang='lat' dir='ltr'>operis</span> <span class='ocrx_word' id='word_1_149' title='bbox 1281 1944 1516 2031; x_wconf 90' lang='lat' dir='ltr'>institutum,</span> 
     </span>
     <span class='ocr_line' id='line_1_19' title="bbox 146 2040 1515 2150; baseline 0.001 -29"><span class='ocrx_word' id='word_1_150' title='bbox 146 2046 212 2121; x_wconf 71' lang='lat' dir='ltr'>uel</span> <span class='ocrx_word' id='word_1_151' title='bbox 239 2042 407 2144; x_wconf 77' lang='lat' dir='ltr'>fiagitivis</span> <span class='ocrx_word' id='word_1_152' title='bbox 437 2048 559 2137; x_wconf 80' lang='lat' dir='ltr'>oculis</span> <span class='ocrx_word' id='word_1_153' title='bbox 591 2044 831 2150; x_wconf 87' lang='lat' dir='ltr'>usurpatum,</span> <span class='ocrx_word' id='word_1_154' title='bbox 864 2046 983 2124; x_wconf 89' lang='lat' dir='ltr'>abiis</span> <span class='ocrx_word' id='word_1_155' title='bbox 1011 2068 1076 2122; x_wconf 91' lang='lat' dir='ltr'>me</span> <span class='ocrx_word' id='word_1_156' title='bbox 1094 2045 1314 2121; x_wconf 81' lang='lat' dir='ltr'>criminibus</span> <span class='ocrx_word' id='word_1_157' title='bbox 1331 2040 1515 2123; x_wconf 81' lang='lat' dir='ltr'>absolvet.</span> 
     </span>
     <span class='ocr_line' id='line_1_20' title="bbox 154 2142 1545 2248; baseline -0.002 -28"><span class='ocrx_word' id='word_1_158' title='bbox 154 2144 344 2220; x_wconf 70' lang='lat' dir='ltr'>Caeterum</span> <span class='ocrx_word' id='word_1_159' title='bbox 358 2146 498 2222; x_wconf 84' lang='lat' dir='ltr'>&#39;turbari</span> <span class='ocrx_word' id='word_1_160' title='bbox 521 2147 677 2248; x_wconf 82' lang='lat' dir='ltr'>piorum·</span> <span class='ocrx_word' id='word_1_161' title='bbox 697 2148 872 2231; x_wconf 88' lang='lat' dir='ltr'>animos,</span> <span class='ocrx_word' id='word_1_162' title='bbox 903 2146 964 2223; x_wconf 88' lang='lat' dir='ltr'>vel</span> <span class='ocrx_word' id='word_1_163' title='bbox 992 2142 1274 2221; x_wconf 82' lang='lat' dir='ltr'>inconsideratis</span> <span class='ocrx_word' id='word_1_164' title='bbox 1306 2143 1545 2236; x_wconf 64' lang='lat' dir='ltr'>nonnullo·</span> 
     </span>
     <span class='ocr_line' id='line_1_21' title="bbox 154 2240 1553 2347; baseline 0 -28"><span class='ocrx_word' id='word_1_165' title='bbox 154 2265 236 2319; x_wconf 87' lang='lat' dir='ltr'>rum</span> <span class='ocrx_word' id='word_1_166' title='bbox 253 2244 536 2329; x_wconf 78' lang='lat' dir='ltr'>affertionibus,</span> <span class='ocrx_word' id='word_1_167' title='bbox 566 2265 681 2344; x_wconf 88' lang='lat' dir='ltr'>atque</span> <span class='ocrx_word' id='word_1_168' title='bbox 703 2240 853 2322; x_wconf 89' lang='lat' dir='ltr'>insuetis</span> <span class='ocrx_word' id='word_1_169' title='bbox 873 2245 1514 2347; x_wconf 86' lang='lat' dir='ltr'>Scripturaruminterpretamentis,</span> <span class='ocrx_word' id='word_1_170' title='bbox 1547 2258 1553 2267; x_wconf 84' lang='lat'><em>&#39;</em></span> 
     </span>
     <span class='ocr_line' id='line_1_22' title="bbox 150 2337 1515 2446; baseline 0.001 -29"><span class='ocrx_word' id='word_1_171' title='bbox 150 2343 389 2421; x_wconf 71' lang='lat' dir='ltr'>sclaliorum</span> <span class='ocrx_word' id='word_1_172' title='bbox 406 2345 520 2421; x_wconf 92' lang='lat' dir='ltr'>etiam</span> <span class='ocrx_word' id='word_1_173' title='bbox 536 2340 827 2446; x_wconf 87' lang='lat' dir='ltr'>suspicionibus,</span> <span class='ocrx_word' id='word_1_174' title='bbox 854 2366 967 2443; x_wconf 86' lang='lat' dir='ltr'>quas,</span> <span class='ocrx_word' id='word_1_175' title='bbox 993 2337 1121 2419; x_wconf 89' lang='lat' dir='ltr'>nescio</span> <span class='ocrx_word' id='word_1_176' title='bbox 1138 2365 1186 2417; x_wconf 89' lang='lat' dir='ltr'>an</span> <span class='ocrx_word' id='word_1_177' title='bbox 1202 2341 1421 2441; x_wconf 89' lang='lat' dir='ltr'>prudentia,</span> <span class='ocrx_word' id='word_1_178' title='bbox 1435 2362 1515 2419; x_wconf 89' lang='lat' dir='ltr'>cet·</span> 
     </span>
     <span class='ocr_line' id='line_1_23' title="bbox 152 2438 1511 2546; baseline 0.002 -30"><span class='ocrx_word' id='word_1_179' title='bbox 152 2459 189 2518; x_wconf 91' lang='lat' dir='ltr'>te</span> <span class='ocrx_word' id='word_1_180' title='bbox 205 2467 288 2520; x_wconf 88' lang='lat' dir='ltr'>uon</span> <span class='ocrx_word' id='word_1_181' title='bbox 310 2438 456 2546; x_wconf 84' lang='lat' dir='ltr'>semper</span> <span class='ocrx_word' id='word_1_182' title='bbox 472 2447 601 2520; x_wconf 80' lang='lat' dir='ltr'>caritas</span> <span class='ocrx_word' id='word_1_183' title='bbox 617 2444 790 2524; x_wconf 70' lang='lat' dir='ltr'>distavits</span> <span class='ocrx_word' id='word_1_184' title='bbox 818 2442 855 2518; x_wconf 92' lang='lat' dir='ltr'>id</span> <span class='ocrx_word' id='word_1_185' title='bbox 875 2441 1126 2541; x_wconf 83' lang='lat' dir='ltr'>equidemex</span> <span class='ocrx_word' id='word_1_186' title='bbox 1155 2443 1289 2517; x_wconf 90' lang='lat' dir='ltr'>animo</span> <span class='ocrx_word' id='word_1_187' title='bbox 1315 2440 1511 2519; x_wconf 83' lang='lat' dir='ltr'>dolebam.</span> 
     </span>
     <span class='ocr_line' id='line_1_24' title="bbox 49 2534 1550 2716; baseline -0.003 -95"><span class='ocrx_word' id='word_1_188' title='bbox 49 2610 56 2621; x_wconf 89' lang='lat'><em>.</em></span> <span class='ocrx_word' id='word_1_189' title='bbox 155 2542 198 2617; x_wconf 83' lang='lat' dir='ltr'>Et</span> <span class='ocrx_word' id='word_1_190' title='bbox 213 2541 528 2641; x_wconf 87' lang='lat' dir='ltr'>quandoquidem</span> <span class='ocrx_word' id='word_1_191' title='bbox 551 2541 722 2619; x_wconf 70' lang='lat' dir='ltr'>dollrina</span> <span class='ocrx_word' id='word_1_192' title='bbox 741 2540 902 2618; x_wconf 85' lang='lat' dir='ltr'>Gratiosr</span> <span class='ocrx_word' id='word_1_193' title='bbox 924 2540 1114 2626; x_wconf 82' lang='lat' dir='ltr'>Foederis,</span> <span class='ocrx_word' id='word_1_194' title='bbox 1135 2563 1220 2716; x_wconf 66' lang='lat' dir='ltr'>pun</span> <span class='ocrx_word' id='word_1_195' title='bbox 1237 2534 1390 2616; x_wconf 92' lang='lat' dir='ltr'>homini</span> <span class='ocrx_word' id='word_1_196' title='bbox 1425 2562 1515 2642; x_wconf 86' lang='lat' dir='ltr'>pec·</span> <span class='ocrx_word' id='word_1_197' title='bbox 1546 2564 1550 2570; x_wconf 87' lang='lat'><em>·</em></span> 
     </span>
    </p>

    <p class='ocr_par' dir='ltr' id='par_1_3' title="bbox 157 2636 1542 2739">
     <span class='ocr_line' id='line_1_25' title="bbox 157 2636 1542 2739; baseline 0.001 -22"><span class='ocrx_word' id='word_1_198' title='bbox 157 2644 266 2719; x_wconf 86' lang='lat' dir='ltr'>catori</span> <span class='ocrx_word' id='word_1_199' title='bbox 284 2636 526 2718; x_wconf 76' lang='lat' dir='ltr'>reslaurandae</span> <span class='ocrx_word' id='word_1_200' title='bbox 545 2664 635 2717; x_wconf 90' lang='lat' dir='ltr'>cum</span> <span class='ocrx_word' id='word_1_201' title='bbox 651 2639 744 2717; x_wconf 91' lang='lat' dir='ltr'>Deo</span> <span class='ocrx_word' id='word_1_202' title='bbox 760 2642 933 2717; x_wconf 88' lang='lat' dir='ltr'>amicitiae</span> <span class='ocrx_word' id='word_1_203' title='bbox 946 2639 1086 2715; x_wconf 85' lang='lat' dir='ltr'>modus</span> <span class='ocrx_word' id='word_1_204' title='bbox 1106 2663 1133 2716; x_wconf 93' lang='lat' dir='ltr'>o</span> <span class='ocrx_word' id='word_1_205' title='bbox 1166 2637 1340 2721; x_wconf 87' lang='lat' dir='ltr'>enditur,</span> <span class='ocrx_word' id='word_1_206' title='bbox 1369 2640 1510 2739; x_wconf 80' lang='lat' dir='ltr'>illiusqs</span> <span class='ocrx_word' id='word_1_207' title='bbox 1539 2646 1542 2651; x_wconf 74' lang='grc'>’</span> 
     </span>
    </p>
   </div>
   <div class='ocr_carea' id='block_1_3' title="bbox 155 2728 1522 2912">
    <p class='ocr_par' dir='ltr' id='par_1_4' title="bbox 155 2728 1522 2912">
     <span class='ocr_line' id='line_1_26' title="bbox 155 2728 1522 2912; baseline 0 -97"><span class='ocrx_word' id='word_1_208' title='bbox 155 2739 313 2816; x_wconf 75' lang='lat' dir='ltr'>scederis</span> <span class='ocrx_word' id='word_1_209' title='bbox 338 2763 422 2816; x_wconf 92' lang='lat' dir='ltr'>non</span> <span class='ocrx_word' id='word_1_210' title='bbox 449 2763 524 2817; x_wconf 90' lang='lat' dir='ltr'>una</span> <span class='ocrx_word' id='word_1_211' title='bbox 555 2728 797 2842; x_wconf 65' lang='lat' dir='ltr'>dispensatim</span> <span class='ocrx_word' id='word_1_212' title='bbox 826 2734 1088 2816; x_wconf 86' lang='lat' dir='ltr'>malefaustum</span> <span class='ocrx_word' id='word_1_213' title='bbox 1117 2736 1250 2815; x_wconf 83' lang='lat' dir='ltr'>liridos</span> <span class='ocrx_word' id='word_1_214' title='bbox 1264 2749 1439 2912; x_wconf 52' lang='lat' dir='ltr'>&lt;ftomam</span> <span class='ocrx_word' id='word_1_215' title='bbox 1468 2740 1522 2816; x_wconf 85' lang='lat' dir='ltr'>in-</span> 
     </span>
    </p>
   </div>
   <div class='ocr_carea' id='block_1_4' title="bbox 149 2833 1605 4030">
    <p class='ocr_par' dir='ltr' id='par_1_5' title="bbox 149 2833 1605 4030">
     <span class='ocr_line' id='line_1_27' title="bbox 154 2833 1510 2939; baseline 0.001 -24"><span class='ocrx_word' id='word_1_216' title='bbox 154 2837 282 2937; x_wconf 83' lang='lat' dir='ltr'>Belgio</span> <span class='ocrx_word' id='word_1_217' title='bbox 297 2833 582 2916; x_wconf 78' lang='lat' dir='ltr'>nollrosrslum</span> <span class='ocrx_word' id='word_1_218' title='bbox 600 2834 676 2921; x_wconf 79' lang='lat' dir='ltr'>ests</span> <span class='ocrx_word' id='word_1_219' title='bbox 701 2838 800 2916; x_wconf 88' lang='lat' dir='ltr'>adeo</span> <span class='ocrx_word' id='word_1_220' title='bbox 816 2858 859 2915; x_wconf 92' lang='lat' dir='ltr'>ut</span> <span class='ocrx_word' id='word_1_221' title='bbox 880 2859 1117 2939; x_wconf 70' lang='lat' dir='ltr'>quacunque</span> <span class='ocrx_word' id='word_1_222' title='bbox 1128 2834 1248 2913; x_wconf 87' lang='lat' dir='ltr'>ferme</span> <span class='ocrx_word' id='word_1_223' title='bbox 1294 2834 1510 2939; x_wconf 78' lang='lat' dir='ltr'>&#39;sputantun</span> 
     </span>
     <span class='ocr_line' id='line_1_28' title="bbox 153 2931 1510 3042; baseline -0.003 -28"><span class='ocrx_word' id='word_1_224' title='bbox 153 2934 482 3039; x_wconf 82' lang='lat' dir='ltr'>srl&#39;rophetiarum</span> <span class='ocrx_word' id='word_1_225' title='bbox 505 2939 809 3042; x_wconf 84' lang='lat' dir='ltr'>explicandarum</span> <span class='ocrx_word' id='word_1_226' title='bbox 834 2959 978 3015; x_wconf 88' lang='lat' dir='ltr'>novam</span> <span class='ocrx_word' id='word_1_227' title='bbox 1002 2931 1233 3012; x_wconf 82' lang='lat' dir='ltr'>methodum</span> <span class='ocrx_word' id='word_1_228' title='bbox 1246 2954 1270 3019; x_wconf 90' lang='lat'>,·</span> <span class='ocrx_word' id='word_1_229' title='bbox 1284 2937 1323 3011; x_wconf 89' lang='lat'>&amp;</span> <span class='ocrx_word' id='word_1_230' title='bbox 1347 2937 1510 3039; x_wconf 82' lang='lat' dir='ltr'>recentis</span> 
     </span>
     <span class='ocr_line' id='line_1_29' title="bbox 149 3026 1506 3139; baseline -0.004 -25"><span class='ocrx_word' id='word_1_231' title='bbox 149 3032 395 3139; x_wconf 80' lang='lat' dir='ltr'>Philosophiae</span> <span class='ocrx_word' id='word_1_232' title='bbox 414 3038 578 3138; x_wconf 85' lang='lat' dir='ltr'>placita,</span> <span class='ocrx_word' id='word_1_233' title='bbox 604 3061 687 3117; x_wconf 91' lang='lat' dir='ltr'>non</span> <span class='ocrx_word' id='word_1_234' title='bbox 710 3036 820 3113; x_wconf 90' lang='lat' dir='ltr'>bono</span> <span class='ocrx_word' id='word_1_235' title='bbox 842 3034 1002 3112; x_wconf 86' lang='lat' dir='ltr'>consilio</span> <span class='ocrx_word' id='word_1_236' title='bbox 1020 3036 1060 3110; x_wconf 91' lang='lat' dir='ltr'>in</span> <span class='ocrx_word' id='word_1_237' title='bbox 1076 3030 1335 3132; x_wconf 86' lang='lat' dir='ltr'>Theologiam</span> <span class='ocrx_word' id='word_1_238' title='bbox 1356 3026 1506 3119; x_wconf 85' lang='lat' dir='ltr'>intrusa,</span> 
     </span>
     <span class='ocr_line' id='line_1_30' title="bbox 154 3127 1605 3238; baseline -0.005 -25"><span class='ocrx_word' id='word_1_239' title='bbox 154 3140 331 3238; x_wconf 86' lang='lat' dir='ltr'>excipias,</span> <span class='ocrx_word' id='word_1_240' title='bbox 357 3131 433 3211; x_wconf 89' lang='lat' dir='ltr'>huc</span> <span class='ocrx_word' id='word_1_241' title='bbox 450 3135 578 3213; x_wconf 87' lang='lat' dir='ltr'>referri</span> <span class='ocrx_word' id='word_1_242' title='bbox 605 3140 643 3214; x_wconf 68' lang='grc' dir='ltr'>δι</span> <span class='ocrx_word' id='word_1_243' title='bbox 673 3133 811 3237; x_wconf 79' lang='lat' dir='ltr'>possint</span> <span class='ocrx_word' id='word_1_244' title='bbox 832 3136 871 3211; x_wconf 67' lang='grc' dir='ltr'>ὅ(</span> <span class='ocrx_word' id='word_1_245' title='bbox 902 3134 1091 3211; x_wconf 85' lang='lat' dir='ltr'>debeant:</span> <span class='ocrx_word' id='word_1_246' title='bbox 1119 3129 1217 3209; x_wconf 91' lang='lat' dir='ltr'>hanc</span> <span class='ocrx_word' id='word_1_247' title='bbox 1245 3127 1342 3208; x_wconf 85' lang='lat' dir='ltr'>milri</span> <span class='ocrx_word' id='word_1_248' title='bbox 1379 3132 1509 3230; x_wconf 90' lang='lat' dir='ltr'>imprl·</span> <span class='ocrx_word' id='word_1_249' title='bbox 1538 3140 1540 3148; x_wconf 86' lang='lat'>&#39;</span> <span class='ocrx_word' id='word_1_250' title='bbox 1601 3226 1605 3231; x_wconf 77' lang='lat'>.</span> 
     </span>
     <span class='ocr_line' id='line_1_31' title="bbox 151 3227 1510 3334; baseline -0.004 -22"><span class='ocrx_word' id='word_1_251' title='bbox 151 3238 219 3312; x_wconf 88' lang='lat' dir='ltr'>mis</span> <span class='ocrx_word' id='word_1_252' title='bbox 233 3237 432 3312; x_wconf 83' lang='lat' dir='ltr'>materiam</span> <span class='ocrx_word' id='word_1_253' title='bbox 451 3232 682 3334; x_wconf 85' lang='lat' dir='ltr'>seligendam</span> <span class='ocrx_word' id='word_1_254' title='bbox 696 3232 770 3312; x_wconf 87' lang='lat' dir='ltr'>esse</span> <span class='ocrx_word' id='word_1_255' title='bbox 792 3227 1007 3310; x_wconf 84' lang='lat' dir='ltr'>existimavi.</span> <span class='ocrx_word' id='word_1_256' title='bbox 1037 3244 1040 3250; x_wconf 75' lang='grc'>’</span> <span class='ocrx_word' id='word_1_257' title='bbox 1056 3231 1131 3313; x_wconf 85' lang='lat' dir='ltr'>Sed</span> <span class='ocrx_word' id='word_1_258' title='bbox 1153 3254 1270 3330; x_wconf 92' lang='lat' dir='ltr'>quam</span> <span class='ocrx_word' id='word_1_259' title='bbox 1289 3232 1338 3306; x_wconf 89' lang='lat' dir='ltr'>ita</span> <span class='ocrx_word' id='word_1_260' title='bbox 1353 3229 1510 3306; x_wconf 76' lang='lat' dir='ltr'>nauan-</span> 
     </span>
     <span class='ocr_line' id='line_1_32' title="bbox 152 3328 1600 3435; baseline -0.006 -23"><span class='ocrx_word' id='word_1_261' title='bbox 152 3334 234 3412; x_wconf 82' lang='lat' dir='ltr'>dam</span> <span class='ocrx_word' id='word_1_262' title='bbox 251 3330 496 3435; x_wconf 85' lang='lat' dir='ltr'>susciperem,</span> <span class='ocrx_word' id='word_1_263' title='bbox 524 3336 620 3414; x_wconf 84' lang='lat' dir='ltr'>ut&amp;</span> <span class='ocrx_word' id='word_1_264' title='bbox 645 3334 825 3418; x_wconf 90' lang='lat' dir='ltr'>Veritati,</span> <span class='ocrx_word' id='word_1_265' title='bbox 852 3328 1031 3409; x_wconf 72' lang='lat' dir='ltr'>hasienus</span> <span class='ocrx_word' id='word_1_266' title='bbox 1057 3333 1099 3408; x_wconf 90' lang='lat' dir='ltr'>in</span> <span class='ocrx_word' id='word_1_267' title='bbox 1119 3328 1439 3406; x_wconf 84' lang='lat' dir='ltr'>Ecclesristraditae</span> <span class='ocrx_word' id='word_1_268' title='bbox 1454 3346 1507 3404; x_wconf 91' lang='lat' dir='ltr'>at·</span> <span class='ocrx_word' id='word_1_269' title='bbox 1597 3346 1600 3355; x_wconf 62' lang='lat'><em>⁴</em></span> 
     </span>
     <span class='ocr_line' id='line_1_33' title="bbox 177 3426 1508 3520; baseline -0.008 -9"><span class='ocrx_word' id='word_1_270' title='bbox 177 3459 222 3513; x_wconf 89' lang='lat' dir='ltr'>ue</span> <span class='ocrx_word' id='word_1_271' title='bbox 239 3435 415 3520; x_wconf 74' lang='lat' dir='ltr'>credita,</span> <span class='ocrx_word' id='word_1_272' title='bbox 448 3428 510 3511; x_wconf 85' lang='lat' dir='ltr'>sua</span> <span class='ocrx_word' id='word_1_273' title='bbox 530 3430 716 3511; x_wconf 89' lang='lat' dir='ltr'>constaret</span> <span class='ocrx_word' id='word_1_274' title='bbox 738 3427 829 3508; x_wconf 84' lang='lat' dir='ltr'>sarta</span> <span class='ocrx_word' id='word_1_275' title='bbox 852 3431 951 3508; x_wconf 73' lang='lat' dir='ltr'>testa</span> <span class='ocrx_word' id='word_1_276' title='bbox 970 3432 1240 3515; x_wconf 86' lang='lat' dir='ltr'>incolumitas,</span> <span class='ocrx_word' id='word_1_277' title='bbox 1267 3429 1307 3504; x_wconf 79' lang='lat' dir='ltr'>dc</span> <span class='ocrx_word' id='word_1_278' title='bbox 1339 3430 1378 3505; x_wconf 93' lang='lat' dir='ltr'>in</span> <span class='ocrx_word' id='word_1_279' title='bbox 1407 3426 1508 3502; x_wconf 85' lang='lat' dir='ltr'>illius</span> 
     </span>
     <span class='ocr_line' id='line_1_34' title="bbox 149 3457 1508 3634; baseline -0.007 -24"><span class='ocrx_word' id='word_1_280' title='bbox 149 3457 366 3612; x_wconf 67' lang='lat' dir='ltr'>sereniore</span> <span class='ocrx_word' id='word_1_281' title='bbox 393 3527 487 3609; x_wconf 93' lang='lat' dir='ltr'>nihil</span> <span class='ocrx_word' id='word_1_282' title='bbox 505 3534 738 3634; x_wconf 85' lang='lat' dir='ltr'>procaciter,</span> <span class='ocrx_word' id='word_1_283' title='bbox 764 3527 858 3606; x_wconf 88' lang='lat' dir='ltr'>nihil</span> <span class='ocrx_word' id='word_1_284' title='bbox 879 3531 1033 3614; x_wconf 86' lang='lat' dir='ltr'>acerbe,</span> <span class='ocrx_word' id='word_1_285' title='bbox 1061 3525 1155 3606; x_wconf 89' lang='lat' dir='ltr'>nihil</span> <span class='ocrx_word' id='word_1_286' title='bbox 1178 3529 1344 3629; x_wconf 87' lang='lat' dir='ltr'>denique</span> <span class='ocrx_word' id='word_1_287' title='bbox 1375 3542 1508 3601; x_wconf 88' lang='lat' dir='ltr'>contra</span> 
     </span>
     <span class='ocr_line' id='line_1_35' title="bbox 151 3621 1507 3731; baseline -0.011 -20"><span class='ocrx_word' id='word_1_288' title='bbox 151 3635 318 3711; x_wconf 86' lang='lat' dir='ltr'>Caritatis</span> <span class='ocrx_word' id='word_1_289' title='bbox 337 3634 442 3730; x_wconf 86' lang='lat' dir='ltr'>leges</span> <span class='ocrx_word' id='word_1_290' title='bbox 461 3650 646 3731; x_wconf 83' lang='lat' dir='ltr'>ageretur.</span> <span class='ocrx_word' id='word_1_291' title='bbox 696 3632 787 3707; x_wconf 76' lang='lat' dir='ltr'>Huc</span> <span class='ocrx_word' id='word_1_292' title='bbox 803 3654 867 3706; x_wconf 91' lang='lat' dir='ltr'>me</span> <span class='ocrx_word' id='word_1_293' title='bbox 884 3632 1012 3706; x_wconf 88' lang='lat' dir='ltr'>movit</span> <span class='ocrx_word' id='word_1_294' title='bbox 1027 3631 1148 3714; x_wconf 90' lang='lat' dir='ltr'>ratio,</span> <span class='ocrx_word' id='word_1_295' title='bbox 1174 3645 1217 3703; x_wconf 93' lang='lat' dir='ltr'>ut</span> <span class='ocrx_word' id='word_1_296' title='bbox 1237 3628 1375 3702; x_wconf 92' lang='lat' dir='ltr'>nonin</span> <span class='ocrx_word' id='word_1_297' title='bbox 1396 3621 1507 3699; x_wconf 88' lang='lat' dir='ltr'>nudis</span> 
     </span>
     <span class='ocr_line' id='line_1_36' title="bbox 149 3720 1602 3831; baseline -0.01 -23"><span class='ocrx_word' id='word_1_298' title='bbox 149 3730 326 3809; x_wconf 70' lang='lat' dir='ltr'>heresem</span> <span class='ocrx_word' id='word_1_299' title='bbox 349 3727 797 3831; x_wconf 83' lang='lat' dir='ltr'>disputationibus,.quae</span> <span class='ocrx_word' id='word_1_300' title='bbox 829 3724 967 3806; x_wconf 88' lang='lat' dir='ltr'>steriles</span> <span class='ocrx_word' id='word_1_301' title='bbox 986 3727 1236 3829; x_wconf 89' lang='lat' dir='ltr'>plerumque,</span> <span class='ocrx_word' id='word_1_302' title='bbox 1264 3726 1303 3800; x_wconf 74' lang='grc' dir='ltr'>δ(</span> <span class='ocrx_word' id='word_1_303' title='bbox 1324 3720 1391 3798; x_wconf 81' lang='lat' dir='ltr'>nisi</span> <span class='ocrx_word' id='word_1_304' title='bbox 1415 3722 1507 3798; x_wconf 88' lang='lat' dir='ltr'>acri·</span> <span class='ocrx_word' id='word_1_305' title='bbox 1537 3742 1540 3747; x_wconf 75' lang='grc'><strong>’</strong></span> <span class='ocrx_word' id='word_1_306' title='bbox 1599 3776 1602 3781; x_wconf 57' lang='grc'><strong>»</strong></span> 
     </span>
     <span class='ocr_line' id='line_1_37' title="bbox 152 3817 1506 3930; baseline -0.012 -19"><span class='ocrx_word' id='word_1_307' title='bbox 152 3835 277 3913; x_wconf 88' lang='lat' dir='ltr'>monia</span> <span class='ocrx_word' id='word_1_308' title='bbox 297 3829 489 3930; x_wconf 88' lang='lat' dir='ltr'>quadam,</span> <span class='ocrx_word' id='word_1_309' title='bbox 514 3827 633 3906; x_wconf 90' lang='lat' dir='ltr'>veluti</span> <span class='ocrx_word' id='word_1_310' title='bbox 649 3825 745 3913; x_wconf 88' lang='lat' dir='ltr'>sale,</span> <span class='ocrx_word' id='word_1_311' title='bbox 760 3829 1009 3913; x_wconf 83' lang='lat' dir='ltr'>condiantur,</span> <span class='ocrx_word' id='word_1_312' title='bbox 1036 3830 1146 3902; x_wconf 89' lang='lat' dir='ltr'>omni</span> <span class='ocrx_word' id='word_1_313' title='bbox 1165 3817 1358 3902; x_wconf 84' lang='lat' dir='ltr'>venustare</span> <span class='ocrx_word' id='word_1_314' title='bbox 1373 3840 1506 3919; x_wconf 85' lang='lat' dir='ltr'>aegra·</span> 
     </span>
     <span class='ocr_line' id='line_1_38' title="bbox 151 3918 1585 4030; baseline -0.008 -24"><span class='ocrx_word' id='word_1_315' title='bbox 151 3933 198 4009; x_wconf 86' lang='lat' dir='ltr'>tia</span> <span class='ocrx_word' id='word_1_316' title='bbox 216 3925 515 4009; x_wconf 79' lang='lat' dir='ltr'>destitutae-sunt.</span> <span class='ocrx_word' id='word_1_317' title='bbox 565 3927 640 4005; x_wconf 88' lang='lat' dir='ltr'>Sed</span> <span class='ocrx_word' id='word_1_318' title='bbox 664 3950 750 4004; x_wconf 89' lang='lat' dir='ltr'>rem</span> <span class='ocrx_word' id='word_1_319' title='bbox 767 3925 886 4030; x_wconf 87' lang='lat' dir='ltr'>ipsam</span> <span class='ocrx_word' id='word_1_320' title='bbox 902 3925 948 4002; x_wconf 88' lang='lat' dir='ltr'>ab</span> <span class='ocrx_word' id='word_1_321' title='bbox 966 3948 1047 4002; x_wconf 87' lang='lat' dir='ltr'>ovo</span> <span class='ocrx_word' id='word_1_322' title='bbox 1060 3943 1075 4010; x_wconf 78' lang='lat'>,‘</span> <span class='ocrx_word' id='word_1_323' title='bbox 1099 3921 1207 4023; x_wconf 90' lang='lat' dir='ltr'>quod</span> <span class='ocrx_word' id='word_1_324' title='bbox 1235 3920 1363 4012; x_wconf 82' lang='lat' dir='ltr'>ajunt,</span> <span class='ocrx_word' id='word_1_325' title='bbox 1388 3918 1506 3997; x_wconf 90' lang='lat' dir='ltr'>ordiri</span> <span class='ocrx_word' id='word_1_326' title='bbox 1575 3980 1585 3994; x_wconf 66' lang='grc'><strong>,</strong></span> 
     </span>
    </p>
   </div>
   <div class='ocr_carea' id='block_1_5' title="bbox 151 4019 1712 4130">
    <p class='ocr_par' dir='ltr' id='par_1_6' title="bbox 151 4019 1712 4130">
     <span class='ocr_line' id='line_1_39' title="bbox 151 4019 1712 4130; baseline -0.006 -26"><span class='ocrx_word' id='word_1_327' title='bbox 151 4030 271 4114; x_wconf 79' lang='lat' dir='ltr'>volui3</span> <span class='ocrx_word' id='word_1_328' title='bbox 299 4050 490 4130; x_wconf 86' lang='lat' dir='ltr'>eamque,</span> <span class='ocrx_word' id='word_1_329' title='bbox 516 4027 703 4125; x_wconf 85' lang='lat' dir='ltr'>quantum</span> <span class='ocrx_word' id='word_1_330' title='bbox 719 4029 848 4126; x_wconf 84' lang='lat' dir='ltr'>potui,</span> <span class='ocrx_word' id='word_1_331' title='bbox 875 4019 1097 4101; x_wconf 88' lang='lat' dir='ltr'>methodice</span> <span class='ocrx_word' id='word_1_332' title='bbox 1117 4044 1162 4097; x_wconf 91' lang='lat' dir='ltr'>ac</span> <span class='ocrx_word' id='word_1_333' title='bbox 1182 4019 1279 4096; x_wconf 77' lang='lat' dir='ltr'>c&#39;la&#39;re</span> <span class='ocrx_word' id='word_1_334' title='bbox 1299 4039 1505 4119; x_wconf 84' lang='lat' dir='ltr'>exponere,</span> <span class='ocrx_word' id='word_1_335' title='bbox 1532 4105 1551 4127; x_wconf 30' lang='grc' dir='ltr'><em>Γ</em></span> <span class='ocrx_word' id='word_1_336' title='bbox 1654 4120 1656 4127; x_wconf 14' lang='grc' dir='ltr'><strong><em>Α</em></strong></span> <span class='ocrx_word' id='word_1_337' title='bbox 1707 4026 1712 4043; x_wconf 89' lang='grc'><strong>’</strong></span> 
     </span>
    </p>
   </div>
   <div class='ocr_carea' id='block_1_6' title="bbox 140 4213 1505 4347">
    <p class='ocr_par' dir='ltr' id='par_1_7' title="bbox 140 4213 1505 4347">
     <span class='ocr_line' id='line_1_40' title="bbox 140 4213 1505 4347; baseline -0.014 -41"><span class='ocrx_word' id='word_1_338' title='bbox 140 4228 234 4309; x_wconf 75' lang='lat' dir='ltr'>num</span> <span class='ocrx_word' id='word_1_339' title='bbox 254 4231 416 4335; x_wconf 80' lang='lat' dir='ltr'>Spiritus</span> <span class='ocrx_word' id='word_1_340' title='bbox 433 4226 509 4309; x_wconf 84' lang='lat' dir='ltr'>San</span> <span class='ocrx_word' id='word_1_341' title='bbox 579 4221 740 4347; x_wconf 88' lang='lat' dir='ltr'>sollicite</span> <span class='ocrx_word' id='word_1_342' title='bbox 757 4220 945 4309; x_wconf 85' lang='lat' dir='ltr'>scrutans,</span> <span class='ocrx_word' id='word_1_343' title='bbox 974 4221 1185 4322; x_wconf 85' lang='lat' dir='ltr'>omniaque</span> <span class='ocrx_word' id='word_1_344' title='bbox 1204 4217 1251 4297; x_wconf 86' lang='lat' dir='ltr'>ad</span> <span class='ocrx_word' id='word_1_345' title='bbox 1268 4220 1397 4322; x_wconf 77' lang='lat' dir='ltr'>praxin</span> <span class='ocrx_word' id='word_1_346' title='bbox 1416 4213 1505 4292; x_wconf 87' lang='lat' dir='ltr'>fidei</span> 
     </span>
    </p>
   </div>
   <div class='ocr_carea' id='block_1_7' title="bbox 739 4321 1509 4447">
    <p class='ocr_par' dir='ltr' id='par_1_8' title="bbox 739 4321 1509 4447">
     <span class='ocr_line' id='line_1_41' title="bbox 739 4321 1509 4447; baseline -0.004 -30"><span class='ocrx_word' id='word_1_347' title='bbox 739 4321 1101 4447; x_wconf 33' lang='lat' dir='ltr'>torf</span> <span class='ocrx_word' id='word_1_348' title='bbox 1425 4331 1509 4386; x_wconf 70' lang='lat' dir='ltr'>-ac</span> 
     </span>
    </p>
   </div>
   <div class='ocr_carea' id='block_1_8' title="bbox 138 4111 1569 4306">
    <p class='ocr_par' dir='ltr' id='par_1_9' title="bbox 138 4111 1569 4306">
     <span class='ocr_line' id='line_1_42' title="bbox 138 4111 1569 4306; baseline -0.013 -99"><span class='ocrx_word' id='word_1_349' title='bbox 138 4128 425 4207; x_wconf 86' lang='lat' dir='ltr'>obscurioribus</span> <span class='ocrx_word' id='word_1_350' title='bbox 441 4127 636 4306; x_wconf 48' lang='lat' dir='ltr'>Scriptura</span> <span class='ocrx_word' id='word_1_351' title='bbox 657 4127 753 4202; x_wconf 85' lang='lat' dir='ltr'>locis</span> <span class='ocrx_word' id='word_1_352' title='bbox 772 4125 901 4204; x_wconf 92' lang='lat' dir='ltr'>lucem</span> <span class='ocrx_word' id='word_1_353' title='bbox 918 4121 1048 4225; x_wconf 84' lang='lat' dir='ltr'>paisrm</span> <span class='ocrx_word' id='word_1_354' title='bbox 1063 4119 1274 4202; x_wconf 77' lang='lat' dir='ltr'>foenerant,</span> <span class='ocrx_word' id='word_1_355' title='bbox 1303 4121 1384 4196; x_wconf 88' lang='lat' dir='ltr'>vim</span> <span class='ocrx_word' id='word_1_356' title='bbox 1394 4111 1509 4218; x_wconf 85' lang='lat' dir='ltr'>phra-</span> <span class='ocrx_word' id='word_1_357' title='bbox 1567 4128 1569 4130; x_wconf 79' lang='grc'>’</span> 
     </span>
    </p>
   </div>
   <div class='ocr_carea' id='block_1_9' title="bbox 0 0 1900 4842">
    <p class='ocr_par' dir='ltr' id='par_1_10' title="bbox 0 0 1900 4842">
     <span class='ocr_line' id='line_1_43' title="bbox 0 0 1900 4842; baseline 0 8"><span class='ocrx_word' id='word_1_358' title='bbox 0 0 1900 4842; x_wconf 95' lang='lat' dir='ltr'> </span> 
     </span>
    </p>
   </div>
  </div>
 </body>
</html>
