3792 4842
208 690 216 705 Χ

274 732 281 745 ἱ

266 953 276 963 η

592 78 1467 325 DEDJCATJO.

414 624 417 631 ι

457 695 474 775 l
497 691 624 803 nulla,
661 691 786 782 REX,
823 696 1003 775 oratione
1032 690 1207 791 Maiestas
1231 694 1340 779 aditi
1367 714 1432 776 rua
1465 691 1617 801 pollet,
1652 695 1723 779 nili

366 838 367 841 κ
471 820 589 899 quam
604 795 813 875 verborum
830 798 933 875 nitor
954 816 1018 875 aut
1035 795 1214 902 splendor
1238 798 1532 877 commendaret
1554 798 1720 901 eloquii,

471 899 624 999 qualive
647 893 753 973 suam
773 890 997 977 exhauriens
1020 896 1242 978 iucundum
1270 903 1422 994 Traiani
1453 922 1561 979 aures
1587 896 1722 977 consul
1825 928 1829 943 ¹

469 1000 614 1079 Plinius
630 1000 686 1075 im
714 996 832 1083 levita
860 994 1135 1103 desperandum
1168 1004 1302 1102 utique
1325 1003 1373 1079 de
1406 998 1460 1079 sui
1493 992 1727 1079 admiffione'
1789 1061 1795 1075 .

329 1101 484 1184 homini
506 1102 651 1180 Batavo
686 1022 812 1187 iores,
848 1102 917 1202 qui
942 1102 1048 1180 nulla
1077 1126 1251 1204 unquam
1280 1126 1420 1204 regum
1445 1099 1722 1181 consuetudine

326 1200 439 1291 usus,
463 1198 580 1280 seculi
612 1204 871 1305 ignorantiam
898 1205 938 1281 dt
962 1205 1175 1299 aulicarum
1197 1208 1339 1282 artium
1373 1203 1580 1281 ruditatem
1595 1202 1722 1304 prima

267 1358 273 1365 -
327 1302 536 1385 verecundi
553 1306 632 1381 oris
646 1305 844 1409 apertione
862 1307 1003 1408 prodit.
1059 1305 1248 1383 Ceterum
1282 1308 1337 1383 uti
1360 1303 1471 1382 Deus
1496 1303 1584 1389 ille,
1614 1303 1721 1393 cuius

326 1403 541 1486 ministerio
557 1405 605 1483 ab
633 1407 793 1484 ineunte
808 1425 916 1484 aerate
942 1407 1088 1484 dicatus
1116 1401 1194 1493 fni,
1226 1426 1402 1487 nontam
1422 1405 1604 1482 accuratis
1626 1402 1722 1478 ado

326 1510 496 1587 rantium
515 1504 715 1609 precibus,
761 1530 880 1608 quam
903 1510 1126 1587 innocentia
1156 1511 1196 1588 dc
1225 1506 1416 1591 lanuino
1446 1506 1612 1584 laeratutr
1639 1523 1722 1602 gra·

325 1611 549 1709 tiotemque
570 1603 758 1691 exiffimat
773 1614 842 1709 qui
862 1608 1029 1688 delubris
1050 1606 1124 1687 suis
1148 1634 1283 1713 puram
1296 1603 1514 1707 castamque
1527 1622 1720 1688 mentem,

356 1733 447 1788 uam
465 1713 533 1808 qui
554 1709 785 1788 meditatum
811 1735 969 1789 carmen
987 1710 1179 1791 intulerit:
1214 1716 1268 1791 ita
1297 1714 1340 1789 dt
1361 1711 1448 1793 Tu,
1487 1707 1555 1807 qui
1578 1700 1721 1782 summi

324 1813 353 1888 il
374 1814 430 1888 ‘us
452 1813 619 1888 numinis
638 1814 724 1889 viva
745 1814 786 1889 in
803 1816 921 1891 terris
931 1814 1065 1911 imago
1093 1835 1159 1901 es,
1196 1813 1355 1912 ingenui
1382 1808 1548 1914 potioris
1576 1805 1719 1882 cando-
1785 1900 1788 1909 Ι

323 1934 433 1995 rem,
457 1913 562 1990 nulla
582 1932 661 1989 atre
686 1908 724 1988 se
743 1914 833 1990 Tibi
852 1913 1112 2015 probantem,
1130 1911 1372 2014 qnaefinffimi
1394 1908 1584 1988 sermonis
1599 1929 1716 2009 pom·

323 2035 384 2131 pae
406 2009 641 2088 immensum
657 2034 846 2112 quantum
873 2018 1091 2114 anteponis.
1143 2016 1358 2093 Fatidicum
1386 2007 1533 2111 aliquid
1563 2006 1717 2107 regibus

217 2126 220 2133 '
323 2110 464 2197 melle,
491 2111 562 2188 suo
576 2136 647 2190 nos
659 2113 821 2191 oraculo
841 2135 979 2214 regum
997 2111 1282 2217 sapientiffnnus
1306 2114 1452 2192 docuit.
1504 2106 1548 2184 Id
1574 2105 1601 2184 fi
1631 2100 1717 2210 post

324 2232 437 2292 natos
454 2208 634 2289 homines
651 2216 693 2290 in
716 2196 799 2291 iulo
819 2236 994 2314 unquam
1015 2236 1153 2314 regum
1173 2212 1424 2317 conspicuum
1438 2208 1573 2292 fuerit3
1601 2211 1642 2285 in
1652 2208 1713 2286 Te

236 2310 241 2313 ’
324 2310 673 2412 cettefingulariter
686 2314 839 2394 elucet:
868 2316 936 2414 qui
946 2317 1162 2395 incredibili
1179 2341 1224 2394 ac
1240 2339 1364 2421 prope
1385 2313 1512 2391 divina
1528 2305 1715 2411 perspica-

134 2436 137 2447 ’
212 2498 217 2503 ,
324 2415 439 2490 citare
455 2415 496 2489 in
514 2414 674 2489 intimos
693 2411 953 2492 humanarum
991 2421 1185 2494 mentium
1215 2418 1377 2497 recessus
1404 2407 1639 2511 securosque
1665 2405 1718 2487 af-

322 2511 444 2593 fedus
461 2531 656 2617 penetras,
683 2516 745 2591 vix
767 2515 844 2591 ulla
866 2514 1085 2595 blandioris
1107 2502 1230 2623 specie
1257 2514 1518 2619 decipiendus.
1543 2512 1719 2588 Haecmi-

322 2610 363 2690 hi
383 2617 584 2718 ingentem
615 2614 676 2692 Te
708 2616 972 2717 compellandi
1000 2617 1184 2711 fiduciam
1213 2621 1536 2696 conciliaverunt;
1564 2609 1716 2712 prorsus

323 2714 535 2795 abonitare
550 2733 615 2792 tua
630 2712 816 2820 speranti,
845 2738 888 2793 ut
904 2713 1136 2817 quammihi
1166 2721 1342 2821 princeps
1368 2715 1467 2792 olim
1491 2709 1611 2790 fecisti
1635 2711 1716 2789 fan·

323 2812 365 2892 di
384 2820 568 2919 copiam,
586 2817 751 2895 eandem
770 2815 882 2896 facias
899 2820 999 2899 Rex.
1061 2820 1252 2923 Qamvis
1281 2820 1389 2896 enim
1414 2814 1545 2891 multis
1573 2834 1715 2892 eorum

323 2917 392 3017 qui
413 2917 536 2994 literas
564 2917 724 2995 tradianr
742 2916 988 3019 eloquendi,
1016 2924 1147 3000 multis
1156 2924 1275 2999 eriam
1291 2918 1436 2996 civium
1452 2938 1655 3000 meorum,
1671 2916 1713 2993 ds

320 3014 403 3095 mei
412 3014 649 3122 potissimum
658 3019 802 3098 ordinis
813 3016 1022 3099 hominum
1038 3075 1051 3107 ,
1075 3025 1218 3102 meritis
1228 3018 1388 3100 inferior
1396 3017 1466 3097 fim
1477 3046 1489 3102 ς
1502 3020 1710 3095 neminem

321 3119 552 3204 tamen‚vel
565 3122 606 3197 in
617 3120 752 3222 Belgio
770 3118 932 3211 nostro,
959 3125 1072 3203 velin
1093 3145 1161 3203 tua
1171 3122 1385 3206 Britannii‚
1422 3120 1518 3197 novi
1537 3118 1710 3199 mortali·

265 3242 271 3249 ·
321 3242 417 3305 um,
448 3221 510 3299 cui
536 3223 698 3323 pietate,
724 3219 942 3323 obsequio,
966 3222 1252 3325 Maiestatisque
1285 3243 1357 3300 tuae
1385 3222 1633 3299 veneratione
1653 3243 1715 3297 ce·

321 3318 412 3397 dere
428 3316 605 3399 debeam.
657 3322 785 3403 Crede
817 3321 916 3400 mihi
949 3326 1078 3416 REX,
1117 3349 1169 3403 eo
1199 3348 1264 3403 me
1287 3325 1400 3401 rebus
1430 3323 1506 3398 tuis
1528 3323 1713 3399 omnibus
1770 3400 1787 3415 ,

287 3464 291 3471 =
319 3442 466 3501 nexum
478 3420 550 3499 effe
562 3421 721 3510 affeetu,
748 3446 791 3502 ut
804 3426 992 3526 quidquid
1004 3426 1190 3511 consulis,
1209 3427 1385 3509 moliris,
1404 3441 1547 3524 patras,
1579 3420 1617 3497 id
1635 3443 1714 3520 ego

319 3516 502 3599 haelenus
523 3523 653 3601 adme
679 3529 869 3645 pertinere
888 3524 1125 3615 existimem,
1149 3548 1192 3604 ut
1210 3526 1372 3629 publicis
1383 3523 1477 3603 illud
1486 3518 1713 3624 privatisque
1813 3558 1824 3595 s

249 3666 254 3681 ·
319 3616 511 3725 suppliciis
538 3626 714 3724 quotidie
732 3628 1011 3705 commendem
1029 3629 1146 3708 Deo.-
1176 3644 1299 3704 tertus
1317 3629 1452 3703 omnia
1480 3642 1574 3698 vota
1594 3643 1711 3718 atque

318 3720 474 3798 confilia
489 3743 553 3801 rua
574 3728 615 3803 in
631 3746 725 3803 eum
746 3731 858 3805 unice
881 3729 1080 3807 collimare
1102 3727 1288 3830 scopum,
1311 3745 1362 3802 ⁴ut
1381 3721 1537 3802 benefit
1553 3723 1710 3807 Patriae,

300 3821 426 3913 'Ullus
442 3824 589 3911 Stator,
620 3825 720 3905 benc
737 3828 933 3914 Ecclefiae,
961 3838 1068 3925 cujus
1088 3830 1242 3909 Vindex
1258 3852 1311 3905 es.
1364 3826 1440 3904 Ubi
1459 3824 1547 3906 Tu,
1568 3844 1640 3924 pro
1654 3822 1712 3897 in·

318 3922 546 4002 columitate
566 3930 690 4005 nostra
708 3928 1110 4017 dimicanmconfilio
1133 3930 1232 4013 dux,
1261 3926 1440 4029 exemplo
1474 3922 1610 4006 miles,
1638 3918 1711 3997 ho·

318 4014 434 4098 stium
452 4025 512 4101 Te
531 4050 624 4119 non
635 4027 774 4111 infidiis
795 4026 922 4107 solum
945 4035 984 4111 ὅ(
1003 4029 1193 4114 sceleratis
1211 4028 1431 4126 fraudibus,
1461 4018 1524 4100 sed
1555 4024 1593 4099 dc
1623 4024 1710 4099 telis

317 4142 364 4195 ac
381 4126 634 4205 mucronibus
652 4125 836 4231 exponis3
864 4132 918 4209 ibi
945 4154 1022 4233 ego
1059 4136 1144 4220 Te,
1172 4134 1257 4209 vilis
1287 4123 1445 4205 forraffis
1466 4123 1634 4210 umbra,
1670 4139 1709 4199 at

288 4302 292 4313 .
315 4214 453 4323 sequor
463 4245 606 4316 tamen,
618 4253 703 4315 non
712 4255 904 4337 corpore,
930 4230 994 4315 led
1008 4254 1163 4314 mente:
1194 4233 1233 4313 ὅ(
1247 4230 1295 4309 ad
1305 4249 1470 4308 omnem
1486 4223 1704 4305 emiffarnm

1544 4323 1701 4418 majori·
