3792 4842
789 212 1306 329 uuo—rcnrro‘.

352 370 539 454 ceterum
560 394 636 472 qua
666 369 823 451 tandem
853 376 1030 451 oratione
1056 375 1250 477 condigne
1283 373 1458 453 exornari
1484 373 1627 478 poterit
1651 372 1736 454 sani·
1768 373 1774 378 ’

350 475 410 559 &a
432 475 497 551 illa
520 470 723 551 solicitudo
741 492 829 559 tua,
859 497 979 575 quam
1001 476 1042 553 in
1072 472 1156 575 ipso
1192 475 1299 578 regni
1319 475 1423 553 aditu
1450 470 1732 553 monstravistil

309 596 314 603 ’
348 593 395 653 ut
413 578 515 658 cives
538 577 595 653 rui
616 572 839 676 compositis
861 577 958 652 circa
991 579 1129 676 puncta
1164 576 1353 678 quadam¹
1377 572 1579 654 Christiani
1612 571 1733 654 castus

348 678 391 756 dc
409 676 607 777 regiminis
625 671 869 754 Ecclesiastici
887 673 1059 764 diffidiis,
1088 676 1369 780 exoptatissimo
1386 680 1609 757 animorum
1638 701 1733 754 con·

244 794 246 801 “
349 797 466 857 centu
496 779 536 853 in
553 774 758 854 fraternam
779 774 1023 863 societatem,
1051 802 1286 883 precumque
1304 803 1349 856 ac
1379 779 1537 855 laudum
1571 775 1732 869 Divina·¹

348 901 436 956 rum
457 880 644 959 unitatem
670 873 938 980 conspirarent.
993 879 1114 983 Qod
1138 904 1188 956 an
1212 879 1325 957 ullius
1353 901 1525 978 unquam
1555 878 1731 954 mortalis

349 1003 427 1081 ope
443 979 491 1055 ab
507 979 637 1056 innata
657 972 834 1056 humanis
858 980 1049 1074 mentibus
1070 981 1235 1056 caecitate
1265 982 1304 1058 dr
1331 978 1531 1081 perficacia
1553 982 1755 1079 impetra,

348 1082 427 1161 bile
444 1079 508 1171 fit,
537 1103 621 1156 non
640 1075 806 1156 diffiteor
837 1104 901 1156 me
932 1082 1150 1177 ambigere:
1180 1074 1243 1157 sed
1265 1079 1290 1158 fi
1311 1081 1388 1156 ulla
1405 1079 1565 1156 confieri
1581 1080 1731 1161 ratione

302 1208 306 1227 ·
345 1198 491 1284 queat,
518 1180 606 1265 Tu,
631 1179 762 1263 REX,
791 1202 888 1257 unus
918 1179 982 1257 ille
1000 1180 1072 1259 esse
1094 1182 1251 1269 videris,
1282 1183 1389 1275 cujus
1405 1179 1650 1264 audioritate,
1673 1175 1728 1253 sa,

170 1300 172 1311 ·
274 1364 280 1373 ,
345 1283 514 1385 pientia,
544 1278 836 1368 moderatione,
865 1279 997 1375 divulsi
1025 1281 1274 1381 religionibus
1300 1284 1419 1363 animi
1448 1280 1663 1380 redigantur
1685 1278 1728 1357 in

346 1381 613 1459 concordiam.
642 1378 797 1459 Utinam
814 1381 970 1459 tandem
991 1382 1057 1458 ille
1081 1400 1141 1457 tot
1167 1385 1322 1482 piorum
1344 1385 1445 1460 votis
1465 1382 1660 1481 expeditus
1682 1378 1726 1457 il-

313 1494 315 1500 ‘
343 1477 508 1563 lucescat
529 1483 632 1565 dies,
657 1504 739 1581 quo
758 1476 909 1559 sublatis
928 1480 1124 1566 emedio,
1152 1502 1376 1583 aeternaeque
1413 1481 1599 1566 damnatis
1628 1480 1734 1572 obli-y

345 1582 479 1667 vioni,
511 1581 655 1658 cunslis
673 1576 914 1661 schismatum
934 1581 1159 1661 nominibus
1178 1582 1365 1682 quidquid
1384 1600 1473 1658 toto
1499 1579 1594 1657 orbe
1615 1575 1725 1655 Chri·

258 1704 263 1715 ⁴
343 1678 555 1761 stianorum
573 1676 647 1766 est,
686 1680 733 1758 ad
758 1702 890 1760 ortum
918 1677 1007 1761 solis
1031 1682 1078 1757 ab
1092 1676 1279 1782 Hesperio
1308 1681 1453 1767 cubili,
1497 1702 1619 1758 unum
1647 1700 1725 1769 una

341 1802 476 1863 mente
493 1782 618 1885 colat,
638 1802 713 1860 una
733 1806 833 1861 voce
851 1785 1030 1884 loquatur
1052 1782 1204 1867 Deum5
1232 1784 1270 1860 dc
1289 1801 1331 1857 ur
1353 1784 1395 1859 in
1420 1779 1612 1859 'Zacharia
1639 1802 1725 1857 ora·

342 1884 440 1962 culis
459 1878 535 1967 est,
572 1882 729 1972 Jurrova
755 1908 853 1961 unus
873 1883 939 1970 sit,
972 1886 1013 1960 dr
1039 1906 1187 1961 nomen
1215 1885 1295 1977 eius
1329 1906 1451 1959 unum
1480 1884 1520 1958 in
1550 1874 1723 1959 universa

342 1986 462 2062 terra!
517 1983 620 2086 Qae·
636 1984 796 2083 quidem
819 2007 900 2068 res,
931 1987 989 2060 uti
1009 1978 1229 2060 Christianis
1268 1983 1452 2085 omnibus
1478 1980 1719 2082 exoptanda,

344 2086 399 2163 ita
449 2085 495 2159 iis
534 2086 723 2185 imprimis
761 2083 970 2161 accuranda
997 2083 1052 2161 est
1093 2083 1232 2183 quibus
1272 2082 1496 2186 praedicandi
1526 2080 1724 2180 Evangelii
1777 2104 1778 2115 ¹

340 2185 583 2289 provinciam
605 2182 800 2259 commisrt
830 2186 996 2263 veritatis
1016 2186 1116 2275 juxta
1141 2205 1186 2258 ac
1208 2188 1310 2284 pacis
1346 2184 1431 2261 Rex
1458 2183 1583 2271 Jcsus.
1634 2182 1720 2257 Ho-

340 2304 423 2362 rum
436 2286 477 2360 in
503 2306 669 2383 numero
719 2306 814 2359 uum
841 2306 1095 2387 meaquoque
1123 2283 1366 2361 collocutum
1396 2283 1468 2362 esse
1497 2280 1717 2383 gaudeam

326 2380 391 2461 'ita
413 2379 507 2458 mihi
520 2385 560 2461 in
582 2403 661 2460 tam
681 2308 854 2487 &ogioso
872 2386 966 2460 tanti
993 2385 1110 2483 Regis
1131 2379 1344 2461 ministerio
1368 2383 1590 2461 versandum
1618 2378 1740 2458 serm·

337 2506 407 2585 pet
421 2483 498 2560 ‘esse
514 2503 613 2560 rarus
637 2484 745 2569 sum,
774 2503 816 2559 ut
839 2482 934 2560 dum
953 2485 1116 2562 veritaris
1135 2484 1265 2561 lucem
1286 2484 1478 2563 mentibus
1505 2480 1715 2559 accendere

336 2605 519 2683 conarer,
551 2584 714 2660 eandem
738 2607 856 2684 opera
876 2587 1036 2677 caritatis
1051 2583 1185 2665 ardore
1201 2585 1482 2663 inflammarem
1503 2581 1629 2659 corda.
1652 2580 1713 2657 Bi·-

295 2752 299 2761 ,
333 2681 373 2759 le
394 2683 568 2784 linguam
597 2682 778 2773 inficere,
818 2684 1010 2762 calamum
1042 2680 1130 2759 felle
1157 2687 1303 2782 tingere
1333 2683 1550 2782 Religionis
1579 2681 1713 2759 zelum
1792 2772 1796 2776 g
1870 2724 1872 2727 ·

333 2780 528 2861 affestibus
546 2804 771 2885 praetexere,
795 2786 927 2884 ignem
946 2786 1115 2859 alienum
1132 2785 1174 2857 in
1192 2780 1441 2858 sanctuarium
1458 2783 1536 2857 Dei
1556 2777 1712 2869 inferre,

334 2877 460 2982 specie
477 2881 626 2959 tuendae
644 2885 809 2960 veritatis
830 2908 873 2958 ea
894 2884 1025 2959 moliri
1054 2905 1139 2981 quae
1167 2905 1250 2959 non
1277 2883 1417 2967 licent,
1445 2878 1734 2975 frendoribus.

331 2985 457 3080 pacis,
484 3001 564 3057 tam
582 2983 751 3079 alienum
775 3006 796 3057 a
818 2978 1092 3060 Christianismi
1114 2985 1232 3082 genio
1255 2982 1328 3061 esse
1344 2981 1459 3070 duxi,
1486 3002 1529 3061 ut
1562 2978 1630 3059 nist
1650 3005 1711 3059 re-

331 3078 466 3179 ligiose
485 3079 581 3158 mihi
601 3082 648 3159 ab
669 3083 713 3157 iis
734 3085 916 3160 omnibus
940 3104 1141 3167 caverem,
1172 3106 1255 3161 non
1286 3083 1421 3161 utilem
1457 3108 1522 3160 me
1555 3080 1707 3171 mod0,

330 3174 394 3256 sed
410 3183 448 3257 dc
470 3181 659 3283 perfidum
681 3177 897 3259 ministrum
926 3182 998 3261 esse
1030 3202 1137 3261 certo
1163 3183 1380 3285 crederem,
1415 3185 1608 3289 proditam
1627 3193 1707 3261 Do-

330 3282 429 3357 mini
447 3281 610 3373 caussam
631 3278 723 3358 haut
744 3284 903 3385 impune
924 3279 1104 3362 laturum.
1141 3285 1278 3362 Animi
1293 3280 1403 3374 hujus
1420 3288 1496 3361 mei
1511 3283 1731 3386 specimem

286 3416 293 3427 ·
329 3380 489 3481 aliquod
506 3386 546 3461 in
563 3386 608 3460 iis
625 3379 766 3460 exstare
784 3382 887 3461 libris
911 3385 1041 3469 volui,
1071 3408 1172 3487 quos
1198 3385 1247 3462 de
1271 3384 1474 3463 Foedemm
1500 3386 1575 3462 Dei
1613 3406 1704 3462 cum

326 3475 552 3561 hominibus
579 3487 729 3563 ratione
750 3485 849 3561 olim
867 3486 1014 3571 editos,
1042 3509 1147 3563 nunc
1168 3486 1280 3572 Tibi,
1310 3489 1438 3574 REX,
1466 3510 1541 3587 qua
1562 3510 1628 3588 par
1649 3480 1706 3563 est

326 3578 571 3662 submissione
595 3585 884 3676 venerabundus
905 3596 1168 3686 nuncupatum
1179 3587 1424 3686 dicatumque
1435 3590 1566 3666 venio.
1595 3585 1702 3691 Qid
1778 3686 1782 3687 f
1870 3650 1881 3669 ,

326 3681 374 3759 ad
403 3688 593 3769 veritatis,
620 3689 725 3764 iniis
747 3710 830 3786 quae
850 3684 968 3767 hodie
991 3688 1246 3788 disputantur,
1272 3690 1593 3772 elucidationem,
1608 3682 1702 3784 quid

323 3781 371 3857 ad
393 3788 516 3882 pacis,
538 3787 717 3864 violentis
747 3790 911 3865 aliorum
938 3786 1103 3865 confiliis
1121 3789 1297 3873 turbatae,
1325 3790 1700 3889 conglutinationem

324 3882 555 3962 contulerim
569 3913 581 3971 ς
597 3911 673 3987 qua
689 3888 958 3967 moderatione
973 3888 1117 3988 fingula
1136 3888 1345 3971 traciarima
1376 3912 1457 3987 quo
1480 3886 1590 3988 padio
1603 3908 1698 3963 con·

315 3982 543 4072 ⁴troversras,
565 4011 658 4086 quas
674 3989 736 4065 alii
757 3988 806 4066 ad
822 3988 977 4071 decadas
990 3991 1226 4066 &centurias
1243 4007 1449 4072 auxerunt,
1472 3986 1698 4073 minuerim¹

321 4081 635 4181 composuerim,
653 4088 898 4176 diremerim,
923 4089 1021 4168 salva
1039 4086 1188 4190 semper
1205 4088 1281 4166 fide
1303 4112 1386 4190 quae
1411 4085 1540 4166 sarnslis
1577 4084 1695 4164 semel

317 4178 452 4294 madita
477 4181 551 4270 est,
571 4188 773 4290 Teologos
790 4210 901 4275 tuos,
930 4215 1031 4292 quos
1063 4192 1102 4267 in
1125 4190 1266 4286 Anglia
1289 4212 1334 4267 ac
1355 4191 1491 4289 Belgio
1524 4186 1695 4292 praestan·

182 4300 191 4319 ‘
303 4275 476 4362 ‘nmmos
494 4281 634 4378 habes,
659 4289 814 4370 censere
832 4293 961 4376 velim
1013 4290 1058 4368 ld
1073 4312 1196 4370 uuum
1211 4289 1313 4395 apud
1336 4292 1396 4372 Te
1423 4286 1620 4396 protestari
1649 4290 1694 4365 li-

1249 4400 1254 4405 ’
1515 4393 1519 4403 ’
1580 4404 1687 4474 ceam
