3792 4842
143 60 636 229 ffffmcdluwslm,
1327 74 1448 233 1¹55}

16 214 32 228 ’
158 195 427 341 liar-152³
601 214 1131 336 ‚urotcnrt'o
1287 237 1435 325 ’.ΜΞ

183 397 399 485 maioribus
439 399 707 481 minoribusve
748 400 934 481 machinis
970 404 1134 506 pilarum
1181 332 1576 502 strepituiai³ionrrea

182 497 375 585 miscens,
402 499 506 601 quali
532 498 637 585 laieri
658 500 843 583 haererem
864 526 959 590 tuo,
998 505 1130 581 Deum
1151 500 1289 580 affidue
1310 524 1496 588 veneror,
1529 522 1573 581 ut
1651 528 1657 553 ‘

182 602 445 679 calamitatem
465 624 628 683 omnem
648 631 670 684 a
691 627 873 684 tanrcaro
890 608 1012 707 capite
1033 606 1218 708 propitius
1229 620 1467 679 averruncet.
1494 603 1573 682 Ubi

179 724 276 781 vero
299 701 359 778 Te
382 722 511 779 error
530 701 828 794 discriminibus,
858 725 923 785 aut
944 706 1134 783 mortibus
1146 705 1295 788 verius,
1322 699 1468 780 salvum
1479 724 1574 782 con·

179 803 325 905 spicio,
354 821 448 880 tunc
466 799 587 890 mihi,
616 828 711 888 tunc
737 806 917 886 universa
941 801 1238 884 Protestantium
1253 797 1450 890 Ecclesiae,
1477 824 1573 883 tunc

176 906 342 1007 Europae
361 906 474 981 omni
494 906 718 995 Foederata,
748 910 865 986 verba
882 907 1006 986 decise
1022 907 1185 984 arbitror
1196 957 1207 990 ‚
1220 906 1360 1005 quibus
1370 901 1572 987 coelestem

114 1062 125 1070 -
176 1008 287 1085 illam
307 1006 596 1085 Prouidentiam
616 1010 688 1086 rire
712 1009 1049 1103 concelebrentur
1086 1030 1172 1107 quae
1199 1009 1259 1082 Te
1286 1024 1368 1082 tam
1386 1007 1573 1085 immani,

176 1106 251 1183 bus
273 1107 392 1183 toties
410 1107 557 1199 obiecit
574 1112 775 1211 periculis,
806 1128 848 1186 ut
866 1106 1130 1187 fortitudinem
1145 1129 1279 1194 tuam,
1310 1108 1349 1183 dt
1367 1102 1574 1186 constanti·

174 1231 269 1293 am,
298 1206 467 1287 &animi
492 1211 606 1289 nullis
625 1235 677 1290 un
708 1234 797 1289 uam
815 1210 994 1314 procellis
1016 1208 1158 1286 turbati
1187 1226 1412 1312 perpetuam
1435 1204 1572 1286 sereni.

94 1365 105 1383 .
173 1327 323 1393 tatem,
343 1307 468 1410 palam
486 1305 650 1394 faceretr
679 1234 743 1389 ped
769 1314 808 1391 dt
827 1333 922 1389 mort
952 1314 1114 1413 eripuit,
1146 1327 1190 1384 ut
1223 1304 1393 1387 nostram
1412 1332 1484 1410 pro
1507 1310 1571 1391 Te

172 1404 475 1487 sollicitudinem
493 1411 583 1491 latis
602 1412 789 1513 plaustbus
802 1430 1087 1492 commutaret,
1118 1412 1157 1487 dc
1177 1404 1303 1487 hostes
1320 1407 1388 1511 ipsr
1405 1429 1485 1486 tam
1512 1412 1571 1488 lu·
1634 1474 1639 1487 .

60 1556 69 1607 2
175 1509 343 1589 calentis
358 1512 544 1614 exemplis
576 1509 761 1593 discerent
782 1538 901 1614 quant
931 1535 1038 1588 carus
1062 1509 1105 1588 sts
1119 1511 1225 1587 Deo.
1278 1512 1394 1589 Nulla
1415 1532 1481 1587 me
1501 1536 1571 1590 un·

20 1674 26 1687 .
64 1670 70 1693 ς
171 1632 296 1709 quam
314 1610 414 1689 illius
431 1612 508 1689 diei
521 1616 655 1714 capiet
677 1614 851 1699 oblivio,
880 1637 963 1714 quo
980 1634 1052 1688 tuo
1072 1610 1364 1715 propemodum
1391 1607 1504 1698 casu,
1531 1630 1571 1691 at
1629 1644 1632 1685 ;

66 1784 71 1805 ,
168 1711 378 1817 deinceps,
398 1711 492 1790 Deo
510 1711 705 1800 faciente,
732 1715 906 1800 vidoriat
933 1712 1155 1792 nobilitanus
1176 1714 1308 1797 Boinae
1327 1711 1565 1793 inHibernia

68 1812 72 1824 ¹
173 1808 312 1889 fluvius
332 1807 398 1891 est.
453 1814 590 1920 Qum
608 1816 717 1893 enim
734 1839 807 1920 pro
826 1812 935 1893 solita
959 1816 1051 1891 Tibi
1081 1810 1287 1913 satagentia
1305 1808 1489 1905 hostium
1506 1837 1568 1894 ca·

73 1918 78 1941 ⁸
114 1970 118 1974 -
168 1907 243 1989 stra
264 1911 696 2017 curiosiusspeculatum
714 1914 808 2002 ires,
829 1913 1005 2021 explosus
1027 1916 1164 2007 majori
1188 1931 1391 2013 tormento
1407 1914 1566 2013 globus.

63 2026 77 2071 ·-·
169 2014 263 2090 &in
276 2033 511 2185 caputmum
530 2016 712 2105 diredlus,
732 2014 943 2097 humerum
962 2013 1105 2095 strinxit
1122 2040 1133 2097 3
1161 2016 1344 2101 vulnere,
1366 2012 1570 2115 quodma·

70 2122 78 2141 ⁸
170 2115 301 2209 iorem
345 2110 489 2193 ostibus
506 2116 697 2205 letitiam,
715 2121 789 2196 tuis
809 2136 986 2203 metum,
1018 2139 1137 2217 quam
1170 2115 1262 2192 Tibi
1279 2137 1426 2193 noxam
1449 2111 1566 2195 fecit:

167 2215 358 2298 vulnere,
381 2212 494 2314 quod
506 2218 568 2293 Te
582 2215 791 2296 hominem
809 2220 882 2298 elle
904 2218 1039 2299 docuit
1052 2244 1074 2311 ς,
1096 2211 1157 2291 sed
1175 2212 1283 2316 supra
1305 2236 1566 2295 communem
1669 2276 1671 2283 .

167 2313 384 2393 hominum
401 2312 545 2395 sortem
563 2319 755 2397 coelitibus
774 2341 928 2398 carum:
956 2319 1115 2396 vulnere
1140 2313 1431 2427 deniquequod
1443 2340 1566 2416 quan·

166 2418 316 2497 tumvis
343 2414 501 2516 ingens,
523 2418 824 2522 nonimpetlivir
841 2424 975 2511 tamen
993 2442 1077 2520 quo
1106 2420 1236 2493 minus
1255 2424 1394 2492 omnes
1423 2409 1566 2495 strenui

166 2518 415 2620 Imperatoris
438 2537 587 2620 partes,
614 2524 731 2596 etiam
747 2517 915 2604 saucius,
939 2521 1145 2621 impleres,
1180 2538 1258 2593 nec
1282 2511 1398 2617 eopse
1418 2516 1482 2593 die
1507 2538 1567 2595 re·

165 2622 307 2721 quiem
329 2620 484 2719 corpori
507 2638 606 2703 tuo,
631 2618 697 2694 nifi
716 2614 799 2725 post
818 2642 981 2705 omnes,
1010 2619 1130 2701 dares
1184 2616 1223 2692 O
1250 2612 1462 2699 faventium
1491 2639 1565 2695 no·

167 2721 226 2797 bis
249 2715 421 2796 fatorum
445 2741 646 2818 nunquam
674 2713 758 2799 sans
787 2719 1116 2822 depraedicandam
1140 2714 1361 2819 sapientiam
1384 2719 1423 2793 dc
1450 2718 1564 2795 boni·

164 2819 316 2897 tatem!
369 2817 409 2894 O
434 2816 735 2896 memorabilem
757 2822 797 2897 in
817 2815 916 2896 fastis
936 2814 1073 2896 nostris
1102 2818 1228 2895 diem!
1284 2817 1414 2921 Qam
1440 2839 1564 2919 prope
1639 2827 1646 2832 ’

165 2916 239 2999 fuit
256 2939 300 2995 ut
317 2915 436 2997 solida
450 2921 598 2997 inimici
625 2925 680 2998 tui
698 2921 908 3021 gauderent
933 2918 1103 3021 gaudia,
1140 2920 1208 3019 qui
1238 2939 1344 2995 nunc
1373 2918 1479 2994 vanis
1512 2916 1562 2997 de

164 3038 299 3098 morte
317 3037 383 3097 tua
403 3019 555 3123 decepti
567 3022 811 3108 rumoribus,
830 3016 976 3097 scenica
1003 3022 1042 3096 dt
1064 3020 1220 3120 indigna
1247 3018 1559 3107 viristemerariae

165 3122 308 3203 laetitiae
326 3115 582 3203 ostentatione
600 3123 784 3201 ridiculos
804 3112 840 3200 se
854 3120 942 3199 orbi
961 3120 1227 3225 praebuerunt!
1283 3116 1388 3201 Vidi.

413 3282 418 3287 ’
447 3308 476 3377 o
501 3328 564 3403 qua
589 3305 646 3379 nt
668 3298 868 3377 lateatne

332 3399 473 3488 muniat
497 3430 598 3486 orat,
624 3409 762 3487 maxime
787 3404 995 3501 Principum,

164 3577 295 3663 ortilis
312 3570 413 3655 hisce
428 3576 526 3657 meis
546 3574 646 3662 vidi,
669 3575 847 3655 manibus
862 3577 999 3663 tenui,
1021 3574 1081 3652 ori
1103 3572 1263 3653 admovi
1280 3566 1436 3677 sagum,
1462 3566 1560 3650 illud
1642 3567 1644 3571 ’

163 3702 316 3763 tuum,
339 3677 612 3779 quodingenti
642 3677 811 3757 lacerum
844 3674 949 3754 hiatu
987 3676 1294 3777 magnitudinem
1315 3675 1447 3755 inflicti
1466 3672 1559 3751 Tibi

166 3781 337 3863 uulneris
353 3771 576 3857 testabatur:
599 3778 679 3856 vidi
697 3776 879 3883 pretiosas
896 3777 981 3855 illas
1014 3778 1166 3857 exuvias
1199 3798 1337 3852 cruore
1369 3795 1441 3853 tuo
1470 3792 1560 3876 pur·-

167 3880 419 3984 purpuratas,
447 3875 695 3979 Regiumque
715 3880 939 3980 sanguinem
965 3880 1035 3981 piis
1054 3870 1230 3955 lacrumis
1246 3876 1354 3952 dilui.
1407 3870 1471 3953 Ar
1485 3895 1559 3953 no·

169 4004 258 4062 vam
274 3968 401 4082 n’uper
422 3978 609 4059 Landensr
627 3981 760 4082 praetio
798 3978 1042 4057 sollicitudini
1071 3971 1206 4057 nostrae
1227 3970 1377 4053 causam
1398 3968 1530 4053 dedisti
1543 4023 1567 4062 ,¹

168 4082 285 4163 nattis
307 4084 526 4161 Procerum
543 4082 816 4162 Britannortun
832 4078 1118 4182 Belgarumque
1150 4076 1326 4181 precibus
1355 4094 1558 4160 exoratus,
1603 4082 1606 4089 ’

168 4204 216 4260 ur
232 4185 428 4277 maiorem
453 4186 536 4260 vitae
563 4203 661 4268 tuae,
686 4189 727 4261 in
752 4206 831 4283 qua
859 4184 1041 4259 omnium
1070 4174 1243 4257 nostrum
1263 4175 1557 4262 subvertitur,

170 4278 329 4367 haberes
347 4286 556 4366 rationem.
605 4285 748 4391 Neque
767 4285 932 4481 eninppa
949 4277 1080 4482 3feciffe
1094 4298 1300 4427 contentus
1316 4303 1401 4383 quae
1420 4278 1558 4455 1Iptrpte¹5
