3792 4842
488 188 648 299 ,Da
710 191 746 272 S.
800 190 1033 274 conae.
1261 132 1266 137 ·
1345 142 1463 292 ¹74¹
1589 226 1591 233 s

122 365 227 447 dator
240 374 342 447 erat:
364 360 456 440 hinc
476 361 516 439 in
536 356 696 441 Rubriae
712 358 905 446 festorum,
929 378 1047 461 quum
1061 355 1109 435 de
1129 357 1217 439 uiuo
1229 360 1369 441 mentio
1388 361 1461 450 est,

120 467 261 563 semper
301 461 474 540 adhibent
501 461 674 561 phrafin‚
709 460 775 525 ul:
789 458 825 529 17
840 463 932 547 llll),
967 462 1139 553 masconta
1157 461 1308 554 poculum.
1369 458 1464 540 Sunt
1549 468 1557 479 “’

119 568 257 650 etiam,
287 566 351 661 qui
387 576 507 641 vetant
541 561 758 644 benedicere
791 564 897 663 super
924 561 1086 658 poculo,
1113 576 1304 659 antequam
1333 561 1462 640 vinum

120 688 214 764 aqua
235 667 391 751 mixtum
417 658 467 741 lit.
506 659 689 739 Credibile
719 667 801 750 cll,
829 661 1011 743 Christum
1036 658 1075 734 id
1099 656 1218 737 sectile
1239 681 1254 744 ‚¹
1278 663 1379 759 quod
1404 659 1460 738 so·

121 765 267 843 brietati
288 764 667 861 maximecongruum
685 765 882 843 uidebatur.
934 763 1102 839 Attamen
1128 783 1204 836 oon
1228 761 1314 836 inde
1340 761 1459 843 olleo·

122 867 160 949 di
182 860 281 958 polle
300 860 564 947 existimamus,
589 860 771 943 Christum
785 860 958 960 exemplo
977 860 1041 937 illo
1072 856 1136 937 suo
1156 863 1351 961 quicquam
1368 881 1459 957 prae·

11 1000 15 1007 ¹
122 964 276 1043 [cubare
303 956 481 1047 voluiffe,
508 963 551 1037 iia
571 960 765 1056 praesertim
787 963 967 1061 populis,
1002 958 1135 1061 quibua
1166 982 1242 1035 nnn
1269 959 1348 1037 lunt
1373 963 1455 1039 vina

122 1062 361 1146 adeotatae,
389 1078 428 1139 ut
444 1060 482 1135 in
503 1065 694 1141 communi
716 1067 784 1143 rita
799 1062 943 1142 mistura
962 1062 1003 1137 iis
1019 1056 1061 1135 fit
1080 1080 1183 1155 opus·
1224 1056 1313 1139 Non
1340 1062 1453 1148 eninr,

121 1162 299 1264 quicquid
315 1160 492 1245 Christus,
518 1182 623 1237 more
651 1161 720 1241 luae
739 1166 879 1264 gentis,
903 1162 941 1239 tr
966 1156 1154 1239 oceaboue
1175 1158 1378 1246 Paithana,
1404 1161 1456 1235 l'e·

113 1267 193 1357 ¹cir,
219 1262 264 1335 ad
289 1257 471 1343 ellenriam
491 1258 710 1340 Sacramenti
733 1266 917 1362 pertinet,¹
941 1276 1002 1337 aut
1027 1261 1211 1357 mysticam
1229 1258 1457 1358 fignificatio·

120 1385 209 1441 nem
225 1359 357 1446 habet3
386 1362 424 1436 dt
441 1362 479 1434 in
503 1364 675 1437 omnibns
695 1363 967 1442 circumstantiis
985 1358 1052 1437 suis
1073 1361 1146 1434 vim
1163 1378 1345 1456 perpetuae
1363 1360 1455 1459 legia

121 1463 275 1540 obtinet.
342 1457 518 1539 Veterum
533 1465 690 1551 donared
709 1467 1024 1562 interpretamenta
1055 1457 1295 1558 frigidiulcula
1329 1460 1455 1535 viden·
1581 1470 1589 1479 '

98 1578 202 1652 ’πυτς
219 1583 338 1661 neque
356 1558 634 1637 tundamentum
654 1565 691 1638 in
709 1561 812 1648 sacris
830 1563 940 1641 literis
956 1560 1099 1636 habent.
1151 1554 1234 1637 Nec
1249 1558 1370 1655 prilcae
1387 1556 1454 1635 Ec·

121 1658 235 1741 clefiae
255 1657 480 1736 consuetudo
501 1661 608 1736 nimia
629 1660 698 1740 hac
717 1664 756 1738 in
774 1676 874 1758 parte
906 1659 1067 1761 urgenda
1092 1659 1170 1735 est:
1200 1681 1309 1745 tram,
1331 1682 1455 1758 quum

121 1759 237 1838 rer'lit
258 1762 430 1847 deitato».
455 1758 552 1837 idem
575 1759 761 1839 hodiernae
784 1766 840 1860 jue
868 1762 943 1843 est,
968 1756 1069 1859 quod
1096 1763 1260 1855 antiquae.
1313 1755 1354 1836 ln
1378 1760 1454 1836 tali·

122 1863 191 1939 bus
205 1862 303 1935 enirn
322 1861 409 1936 l'alta
427 1883 572 1945 manere
591 1862 878 1948 denumerat,
906 1882 1015 1960 quam
1034 1859 1192 1938 Christus
1206 1859 1274 1935 luis
1289 1861 1454 1955 reliquit:
1487 1900 1493 1913 ι

121 1962 254 2061 quibus
274 1958 345 2036 iola
363 1956 471 2056 ipbua
489 1983 560 2037 vox
576 1959 721 2040 servitus
734 1973 768 2037 tr
783 1959 964 2039 netelbtaa
977 1960 1035 2037 eil.
1062 1959 1142 2036 loto
1158 1983 1243 2037 vero
1264 1960 1456 2056 postquam

120 2063 210 2138 ritus
225 2057 406 2145 ‚miscendi
429 2057 640 2139 mcellariua
673 2061 797 2140 habeti
824 2063 977 2161 coepit,
1013 2058 1210 2157 prudenter
1237 2061 1275 2135 in
1293 2056 1458 2137 Eccleliit

119 2157 373 2244 Rauenna,
407 2158 459 2247 ad¹
481 2160 652 2235 libertatis
688 2161 1034 2243 conservationem,
1081 2160 1265 2255 praefertur
1299 2181 1456 2235 merum.

126 2252 456 2352 Quemadmodum
483 2257 521 2335 dr
552 2252 577 2331 st
603 2262 736 2335 maraci
762 2257 942 2334 necellitae
973 2255 1075 2331 statui
1105 2262 1259 2350 coeperit
1287 2314 1297 2343 ,
1326 2259 1457 2344 melina

121 2352 263 2435 fortalse
281 2352 326 2430 ad
341 2355 533 2430 mixturam
548 2355 721 2433 redeatur.
747 2354 800 2436 llli
820 2371 915 2465 §triu
930 2371 1139 2449 commenta
1159 2355 1216 2432 sua
1233 2355 1343 2452 pluris
1356 2355 1455 2455 apud

122 2455 159 2530 le
178 2454 272 2538 lieri,
299 2476 409 2550 quarn
433 2453 502 2550 {pla
528 2454 657 2534 Christi
682 2457 838 2535 instituta
859 2455 1082 2538 ostendunt,
1110 2458 1173 2555 qui
1192 2458 1315 2531 vinum
1334 2457 1467 2553 super-²

119 2551 289 2632 fluumin
309 2552 343 2628 S.
366 2550 484 2630 Coena
505 2555 739 2647 censuerunt,
767 2556 868 2656 quod
884 2580 930 2633 ex
950 2553 1106 2633 Domini
1124 2573 1308 2652 praecepto
1328 2557 1365 2630 da
1380 2558 1453 2631 lot·

117 2653 219 2731 mula
244 2648 475 2731 necellarium
496 2652 547 2731 eli
568 2681 577 2732 :
603 2679 732 2755 aquarn
758 2675 914 2740 contra,
945 2678 1027 2756 quae
1044 2656 1088 2730 ab
1109 2654 1270 2731 instituto
1289 2654 1452 2731 humanu

118 2748 442 2929 ell3fiueceliariam
473 2754 695 2853 sanxerunt,
721 2780 768 2836 ex
799 2755 937 2836 Divino
965 2755 1128 2833 instituto
1153 2756 1302 2835 arbitrio
1327 2753 1452 2831 nostro

118 2878 186 2937 rer
224 2876 290 2929 aaa

168 2948 251 3031 Xll.
275 2950 588 3053 Curetumquum
612 2953 826 3056 fieripollrm
852 2953 1291 3051 imofiatfrequenter,trt
1307 2954 1451 3029 innon-
1492 2946 1644 3043 ΨΜ

114 3052 227 3131 nullis
247 3054 492 3140 reoionibus,
526 3054 644 3135 nullut
673 3060 773 3155 panis
795 3056 832 3132 dr
858 3059 932 3134 vini
947 3056 1031 3139 ,ulus
1055 3056 1125 3140 fit,
1153 3058 1205 3131 uti
1229 3056 1267 3129 in
1287 3055 1449 3130 America
1471 3020 1628 3167 afim,

116 3154 160 3230 dt
183 3152 259 3230 aliie
281 3112 393 3231 &abis
412 3156 599 3249 partibus,
629 3159 692 3235 ubi
712 3158 835 3234 cibum
857 3178 903 3233 ex
922 3156 1197 3255 leguminibus,
1225 3152 1447 3238 anthemis,
1472 3160 1641 3256 lembum.
1668 3204 1677 3229 .

111 3269 180 3332 aut
194 3255 364 3365 arborum
376 3250 566 3341 fructibus,
593 3257 773 3335 ueletiam
802 3258 1025 3339 corticibus,
1051 3254 1256 3333 confedum
1281 3253 1367 3329 loco
1387 3279 1448 3347 pa·
1474 3236 1647 3366 ‘mm
1714 3291 1717 3297 ’

112 3355 173 3431 nia
191 3351 353 3429 habent:
381 3352 419 3431 dt
437 3368 567 3451 potunt
582 3377 628 3433 ex
644 3354 775 3453 melle,
804 3353 861 3432 vel
883 3354 1047 3430 saccharo
1062 3354 1178 3430 aliilve
1197 3356 1439 3441 aromatibus,
1471 3369 1515 3440 ομ.
1577 3412 1581 3417 .

111 3468 180 3532 aut
195 3456 302 3529 etiam
319 3473 366 3526 ex
385 3450 491 3530 succo
503 3452 830 3537 ammonemur,
854 3452 1057 3531 locuuini:
1086 3453 1256 3552 quaritur
1279 3476 1354 3529 non
1378 3457 1447 3529 lm·
1573 3468 1584 3477 ”

6 3628 10 3635 ,
112 3553 250 3628 merito
275 3604 288 3637 ,
313 3573 358 3627 an
383 3553 420 3631 iu
441 3553 482 3627 iis
498 3553 711 3652 regionibus
742 3551 859 3631 Coena
887 3550 1044 3631 Domini
1068 3555 1175 3650 plane
1195 3553 1447 3630 abstinendum

72 3746 80 3751 ,
110 3648 180 3736 fir,
208 3674 252 3726 an
268 3672 356 3745 vero
376 3649 460 3727 loco
481 3653 633 3748 panis&
651 3655 726 3730 viol
745 3676 792 3730 eo
815 3654 901 3729 cibo
921 3655 958 3729 in
977 3652 1105 3731 Coena
1130 3657 1183 3730 uti
1208 3654 1258 3729 las
1277 3649 1318 3728 fit
1340 3708 1350 3737 ‚
1383 3650 1449 3750 qui

110 3750 221 3929 finnio
240 3750 277 3825 dr
299 3750 373 3825 vini
391 3751 509 3829 vicem
525 3751 667 3833 luitinet
681 3804 694 3839 ‚
708 3752 746 3827 dt
765 3755 913 3849 corpori
934 3754 1145 3831 roborando
1164 3808 1175 3839 ,
1202 3776 1245 3829 ac
1266 3753 1369 3831 cordi
1385 3777 1448 3829 ex-

144 3846 305 3927 ilarando
324 3848 477 3929 idoneor
493 3848 552 3927 est.
604 3848 685 3929 Nos
707 3850 855 3953 quidem
882 3853 920 3928 in
945 3852 1249 3930 sacramentorum
1275 3851 1338 3929 ulu
1358 3851 1448 3928 nihil

113 3964 256 4027 temere
275 3949 524 4029 innovandum
540 3950 809 4028 existimamur:
836 3950 894 4026 led
920 3951 1100 4031 necelbtaa
1122 3953 1224 4048 supra
1247 3951 1366 4050 legem
1387 3952 1448 4027 est.
1479 3998 1486 4015 ι

111 4044 161 4127 Et
183 4046 314 4124 dutum
337 4051 479 4146 oppido
494 4048 652 4137 videtur,
678 4048 705 4127 fi
746 4052 799 4125 uie
817 4064 889 4126 tam
903 4051 1178 4128 lataaterrarum
1196 4050 1337 4149 plagas,
1364 4076 1450 4133 cum

111 4142 353 4247 indigenis&
377 4147 551 4236 advenis,
579 4149 700 4231 Coena
719 4073 877 4228 {omini
907 4170 1027 4227 carere
1047 4206 1058 4237 ,
1088 4150 1449 4230 &Christianismum

108 4245 313 4343 ipsorum,
337 4244 411 4322 bne
436 4246 713 4327 manducatione
742 4250 1012 4335 sacramentali,
1040 4251 1206 4333 mutilum
1224 4248 1293 4335 else
1316 4254 1448 4349 jubeat.
1500 4280 1507 4291 ·

108 4344 320 4449 baptimis,
350 4347 434 4447 quia
445 4348 547 4449 quod
556 4351 601 4457 in
611 4350 788 4530 analogiaA
795 4350 1020 4446 praecipuum
1036 4349 1086 4430 est
1100 4352 1286 4441 retinetur,
1300 4355 1449 4470 quando

485 4486 492 4501 ·
618 4492 624 4499 ·
797 4469 947 4547 aaaa3
1210 4542 1214 4549 .
1342 4474 1451 4543 ¹iscr-
