3792 4842
437 193 507 274 De
552 193 714 276 Bonts
753 197 891 278 Tere.
934 198 1119 283 Nove
1357 224 1427 302 713
1506 158 1511 169 Ι

89 386 153 466 qm
173 372 233 440 erit
245 360 385 457 effusorio
401 366 458 457 nifi
472 376 541 439 vita
558 392 598 438 ex
612 371 768 444 mortuis?
818 368 940 448 innuit
964 368 1189 470 Apostolus,
1218 371 1335 450 multo
1356 397 1427 449 ma·
1445 394 1592 470 sufem·

87 470 161 561 juta
200 480 305 561 atque
354 468 530 561 ampliora
574 465 669 547 bona
708 470 745 542 in
785 466 977 547 Ecclesiam
1023 470 1256 549 Christianam
1297 467 1508 548 redon-‘'¹¹''

88 563 208 642 datura
228 560 296 639 esse
324 587 370 640 ex
388 560 599 660 Judaeorum
619 566 844 664 plenitudine
872 593 913 647 ac
936 568 1215 654 tendentious,
1248 593 1356 668 quana
1382 596 1430 650 ex

63 678 213 742 'eorum
231 660 367 741 offensa
387 665 683 745 &diminutione
703 666 746 743 ad
762 668 916 767 gentiles
935 682 1186 768 pervenerunt.
1208 667 1428 767 Majorain·

86 785 219 863 quam,
240 763 407 855 intensae,
435 766 473 840 dc
490 767 665 864 ampliora
677 767 837 859 munstur.

44 884 48 891 ’
132 860 321 943 XXXlV.
346 864 541 954 lnrenfionem
566 870 666 963 quod
692 869 845 954 attinet,
871 860 1112 965 supponitur,
1145 867 1240 945 circa
1259 879 1424 963 tempora
1458 900 1590 981 pum..

86 962 328 1043 conversionis
348 961 559 1061 Judaeorunr
581 966 759 1042 mundum
785 965 977 1064 gentilium
1007 963 1157 1042 stnailena
1179 965 1256 1042 fore
1281 989 1422 1056 mortuo,
1441 968 1615 1095 “⁸³³3th

84 1065 277 1163 quomodo
296 1064 409 1140 ferme
425 1064 584 1143 Christus
601 1064 809 1143 sardensem
826 1061 1017 1144 Ecclefiam
1033 1065 1208 1142 describit.
1259 1069 1326 1164 Ap.
1343 1094 1422 1146 111.
1440 1036 1615 1170 affixam

84 1189 116 1241 1.
137 1185 173 1242 a.
199 1156 344 1241 Scilicet
373 1166 411 1242 da
441 1165 596 1244 sesenna
618 1166 772 1244 salutaris
803 1166 895 1249 lux,
942 1164 979 1238 dt
1015 1162 1251 1241 sanstimoniae
1282 1166 1423 1257 i'ervut,

81 1264 119 1342 dc
160 1265 277 1341 uivida
313 1262 373 1340 isla
414 1280 522 1366 atque
573 1284 700 1367 vegeta
741 1265 846 1363 prisci
895 1260 1151 1341 Christianismi
1189 1263 1423 1362 simplicitas,

78 1361 182 1463 lapsu
231 1364 405 1462 temporis
451 1365 649 1461 plurimum
690 1364 940 1442 imminuenda
976 1379 1086 1441 erant
1181 1362 1308 1442 Multae
1363 1391 1426 1445 en·

80 1477 163 1551 tes,
191 1470 327 1562 magno
347 1464 531 1563 quondam
554 1466 636 1541 zelo
656 1462 890 1564 Evangelinm
909 1464 1114 1562 amplexae,
1138 1460 1310 1562 deinceps
1336 1391 1427 1545 stu

78 1562 352 1645 hammedismi‚
379 1561 548 1659 Papisius,
575 1561 838 1652 Libertinismi,
867 1561 1039 1641 Atheismi
1061 1585 1203 1641 veneno
1226 1585 1426 1662 propemo-

80 1662 171 1739 dum
191 1661 355 1739 extinsiae
369 1715 394 1765 ,Ι
409 1663 609 1759 prophetiae
634 1662 720 1740 huic
734 1662 844 1759 fidem
865 1665 1011 1740 faciunt.
1074 1660 1157 1746 ea,
1185 1664 1426 1763 restitutisJu-

77 1760 197 1847 daeis,
226 1759 322 1859 quas
339 1783 391 1838 ex
421 1761 563 1841 tumulo
588 1776 736 1860 tepente
760 1762 1029 1842 suscitabuntur.
1082 1759 1190 1839 Nova
1215 1763 1257 1839 iis
1276 1764 1426 1863 affulge·

79 1862 135 1938 bit
149 1860 240 1945 lux,
267 1883 383 1938 nouus
404 1860 621 1939 accendetur
644 1862 744 1939 zelus
764 1916 774 1947 ,
795 1866 925 1940 iterum
944 1861 1223 1939 manifestabitur
1235 1865 1305 1940 vita
1320 1862 1425 1943 Chri·

76 1959 120 2036 sti
140 1963 180 2037 in
202 1982 359 2059 corpore
378 1959 443 2038 suo
469 1962 640 2063 mystico,
662 1961 816 2040 vividior
830 1960 949 2040 forsan
971 1984 1014 2039 ac
1034 1962 1197 2060 vegetior
1219 1984 1329 2061 quam
1358 1985 1426 2039 un·

76 2082 190 2160 quant
212 2060 371 2147 antehac.
424 2059 533 2141 Turno
550 2061 622 2139 fine
641 2063 756 2140 dubio
783 2062 937 2161 piurima
957 2059 1224 2159 scripturarum
1245 2062 1422 2148 vaticinia,

73 2175 251 2236 eventum
290 2160 392 2236 suum
423 2158 561 2247 sortita,
590 2162 717 2237 melius
744 2162 1010 2259 intelligentam
1037 2161 1073 2235 δι
1096 2181 1175 2259 quae
1196 2183 1294 2238 nunc
1316 2162 1425 2238 nobie

72 2257 234 2336 obscura
260 2256 341 2333 sunt
362 2259 550 2353 aenigmata
574 2311 586 2343 ,
611 2272 699 2334 tunc
724 2256 965 2333 nitidissimam
993 2279 1114 2331 rerum
1134 2259 1312 2355 gestarum
1336 2259 1424 2336 deli·

68 2358 289 2434 neationem
306 2357 493 2432 continete
511 2354 834 2456 deprehendemus.
887 2354 1010 2433 Plures
1026 2354 1183 2432 candelae
1199 2353 1300 2434 samus
1319 2360 1423 2453 iunc-
1502 2416 1504 2422 s

69 2468 122 2533 tae
141 2451 361 2552 splendidius
385 2456 554 2532 emittunt
578 2452 711 2533 lumen.
748 2452 766 2534 1
793 2456 847 2533 nis
867 2474 983 2533 novus
1003 2475 1120 2552 prope
1138 2455 1289 2533 alterum
1313 2457 1423 2534 strue-
1527 2526 1531 2532 .
1662 2462 1666 2467 “

67 2567 135 2632 tua
159 2565 354 2655 utrumque
380 2553 718 2633 facitfervidiorem
761 2478 813 2634 ssa
837 2569 1065 2655 comparatus
1085 2555 1154 2633 erit
1177 2551 1332 2633 accessus
1356 2553 1422 2656 Ju-

66 2652 243 2734 deorum
272 2654 315 2730 ad
341 2652 532 2733 Ecclesiam
550 2656 751 2757 gentilium.

122 2750 300 2833 XXXV.
326 2752 458 2856 Neque
481 2755 736 2842 hortantum,
758 2754 818 2833 sed
841 2754 878 2831 dc
903 2765 1031 2853 gentes
1051 2750 1196 2841 multae,
1222 2754 1260 2830 in
1287 2752 1419 2852 quibus
1452 2756 1591 2838 mmm
1617 2804 1619 2809 -

68 2852 211 2936 Christi
230 2877 366 2933 nomen
391 2857 626 2952 iamdudum
657 2855 890 2941 exoleverat,
915 2857 1047 2929 iterum
1066 2852 1118 2929 ad
1144 2852 1301 2931 etesium
1327 2853 1417 2929 ilsud
1432 2828 1604 2961 ss‘ffmff

65 2955 197 3033 salutis
220 2956 395 3033 vexillum
414 2954 634 3033 confluxurae
653 2956 827 3033 sidentur.
879 2952 937 3032 Est
961 2955 1060 3029 enim
1081 2955 1245 3050 quaedam
1263 2955 1416 3055 plenitu·
1431 2970 1552 3054 sprota.

64 3057 124 3134 do
140 3057 336 3153 gentium,
359 3078 423 3153 per
442 3054 664 3134 successivam
683 3050 870 3155 Euangelii
885 3052 1178 3152 praedicationem
1196 3052 1414 3152 colligenda,
1433 3054 1512 3100 ‘'¹⁴¹''-

64 3179 157 3258 quae
172 3154 433 3234 restitutionem
450 3153 579 3233 similis
593 3154 795 3235 antecedit:
815 3154 861 3230 de
873 3177 943 3253 qua
962 3152 1016 3230 ris.
1028 3175 1085 3245 25.
1112 3151 1170 3231 13st
1191 3154 1304 3230 &a'lia
1321 3176 1415 3251 opu·

61 3256 186 3335 sentia
203 3258 387 3355 gentium,
408 3277 487 3356 quae
508 3253 758 3334 assumtionem
780 3254 912 3332 Israelis
935 3254 1175 3350 consequitur.
1211 3252 1310 3331 Nam
1323 3252 1413 3331 dum

61 3355 336 3453 Evangellum,
366 3354 479 3453 longo
500 3355 704 3433 seculorum
725 3354 857 3441 tradita,
886 3374 984 3429 nunc
1003 3351 1089 3430 huic
1111 3374 1210 3431 nunc
1229 3353 1280 3428 issi
1297 3355 1412 3429 natio·

60 3459 105 3533 ni
137 3456 412 3545 annunciatur3
437 3454 512 3531 aliae
532 3455 703 3553 paulatim
731 3477 751 3531 a
775 3452 916 3530 Christo
939 3453 1124 3530 recedunt.
1174 3449 1271 3539 Has,
1293 3455 1413 3550 ingre·

60 3556 199 3634 diente
215 3549 425 3651 Judaeorum
446 3552 694 3651 plenitudine,
720 3550 766 3630 ad
782 3548 964 3632 Christum
991 3552 1183 3631 confertim
1209 3552 1410 3637 redituras.

57 3653 234 3736 omnino
260 3653 311 3731 est
334 3652 514 3731 credibile.
564 3652 605 3732 ln
623 3651 726 3739 Asia,
750 3654 788 3728 in
805 3651 945 3736 Africa,
971 3653 1064 3730 inter
1081 3650 1231 3740 Persas,
1257 3649 1412 3736 Turcas.

58 3755 209 3838 Indos,
226 3750 440 3838 Chinenies,
458 3751 699 3852 Japonenses‚
727 3751 914 3836 Tartarus,
938 3755 1127 3832 innumera
1139 3752 1252 3831 ferme
1268 3750 1415 3851 Judaeo·

56 3878 155 3935 rum
184 3849 379 3929 multitudo
403 3852 511 3951 degit.
566 3852 726 3949 Quando
750 3874 839 3952 ergo
865 3851 934 3938 hi,
963 3856 1104 3949 potenti
1133 3851 1205 3932 Dei
1231 3874 1340 3929 manu
1368 3849 1437 3928 ad·

57 3953 379 4034 communionem
396 3950 529 4030 Messrae
543 3954 661 4042 tradis,
683 3977 728 4031 eo
744 3953 924 4029 ardentius
940 3952 1043 4029 ilium
1060 3952 1232 4052 diligent,
1256 3973 1331 4051 quo
1352 3973 1414 4027 an·

54 4072 122 4136 tea
162 4050 364 4129 acrioribus
398 4051 561 4132 adsersus
588 4076 673 4133 eum
703 4051 796 4130 odiis
820 4049 1047 4149 flagrarunt,
1072 4075 1209 4131 annon·
1226 4050 1416 4149 plusquam

53 4151 267 4259 probabile
286 4150 361 4237 est,
389 4169 536 4252 gentes,
559 4154 597 4230 in
617 4174 769 4255 quarum
783 4148 904 4228 medio
926 4151 1088 4251 degunt,
1116 4149 1316 4247 exemplo,
1336 4171 1415 4226 mo-

54 4249 233 4349 nitisque
258 4274 386 4329 eorum
414 4255 617 4341 excitatas,
654 4255 691 4328 in
716 4251 876 4349 ejusdem
901 4248 986 4330 fidei
1012 4250 1217 4332 societatem
1251 4261 1416 4351 venturas

53 4351 170 4435 esse?
209 4348 299 4429 Sane
319 4352 480 4448 Apostoli
498 4352 570 4434 huc
590 4376 658 4435 nos
672 4355 779 4453 verba
798 4350 946 4430 ducunt

118 4450 234 4536 Oto.
259 4448 378 4531 soto.
777 4447 924 4533 Xxxx
1124 4444 1307 4532 XXXVI.
1323 4444 1417 4543 Qui·
