3792 4842
423 188 500 267 720
639 112 646 119 ἱ
796 163 934 246 Lrs.
986 158 1050 242 IV.
1101 162 1237 246 C‘ss.
1288 159 1408 243 xvt

421 337 491 415 suis
512 332 558 414 ad
580 331 776 434 Suspitium
794 331 966 411 Severum
987 329 1115 409 devita
1130 331 1278 410 Martini
1298 330 1605 410 observationibus
1622 284 1701 427 Cap.
1722 358 1779 413 xv.

421 437 499 515 haec
523 437 719 514 annotavit.
769 440 897 518 usmis,
926 459 948 504 a
966 457 1025 531 qno
1043 437 1198 516 smisso,
1227 432 1440 522 immersionem
1457 434 1628 531 fignficat,
1665 464 1727 509 non
1747 466 1785 509 a·

412 534 600 634 spetfionnn.
649 543 719 611 Nec
738 535 830 608 aliter
851 553 967 608 veteres
983 558 1077 632 qnam
1097 528 1254 620 merfione,
1278 533 1333 606 vel
1352 542 1443 609 unico
1457 588 1467 621 ‚
1483 536 1537 607 uel
1550 543 1659 619 trina,
1682 536 1783 629 bapti-

419 637 547 717 zabant.
599 637 663 711 sm·
678 637 798 721 clinici,
824 635 909 730 quot
922 632 1154 716 decumberent,
1175 629 1326 726 baptizati
1335 635 1413 726 sunt
1430 662 1462 708 eo
1479 661 1540 735 quo
1558 656 1703 729 poterant
1718 664 1785 712 nto·
1864 686 1867 695 ·

422 740 484 813 do:
509 764 568 811 non
590 736 715 811 laveno
740 745 875 831 integro,
906 751 945 806 oet
961 731 992 805 n·
1013 741 1068 833 qui
1084 748 1178 823 caput
1188 732 1249 824 sub
1263 759 1346 831 aqna
1368 755 1533 831 nurgum,
1560 739 1619 829 sed
1636 757 1701 811 toto
1717 765 1788 812 cer·

419 862 490 932 pore
508 862 590 937 aqna
613 838 738 931 perfuso.
763 842 854 933 Cypr.
877 855 926 909 iv.
945 838 1032 927 Epist.
1053 853 1094 909 vs
1109 861 1135 904 1.
1162 836 1212 908 Sic
1228 834 1679 929 Noonnoboptifinumoccepit
1692 864 1782 935 ager,

424 948 589 1027 atomon,
614 963 672 1010 nm
691 934 858 1017 ssnmtebtss·
896 931 998 1025 anselo.
1022 956 1074 1008 v1.
1098 935 1179 1026 Hofl.
1205 939 1281 1026 Cap.
1302 956 1442 1009 nstro.
1504 934 1579 1012 ils
1607 934 1784 1014 Dissimu-

422 1039 574 1116 lundum
597 1039 703 1113 etiam
720 1057 801 1127 ¹non
823 1032 892 1118 est,
914 1034 952 1108 in
969 1028 1199 1109 immersione
1218 1034 1393 1135 majorem
1414 1029 1483 1110 esse
1509 1032 1784 1135 significationis

421 1140 657 1222 ubertatem,
701 1136 739 1211 de
774 1133 982 1231 pleniorem
1016 1130 1107 1231 figui
1136 1153 1221 1209 eum
1256 1156 1296 1208 re
1327 1130 1518 1232 fignificata
1555 1136 1782 1237 analogiam:

453 1234 738 1315 uemedmodum
757 1231 1009 1318 ostendemus,
1054 1231 1203 1331 quando
1223 1231 1268 1309 ad
1288 1254 1367 1310 eam
1380 1256 1458 1311 rem
1476 1234 1672 1314 deventum
1699 1241 1782 1316 erit.

424 1337 441 1416 l
479 1393 488 1412 .
516 1335 631 1416 Etiam
652 1337 690 1412 in
706 1330 844 1434 frigidis
872 1331 1082 1433 regionibus
1106 1330 1397 1419 immersionem,
1424 1332 1498 1410 fine
1521 1358 1657 1435 magno
1682 1338 1784 1415 vase-

423 1438 558 1517 tudinis
583 1459 626 1514 ac
657 1435 737 1510 vitae
772 1431 975 1510 discrimine
995 1428 1095 1517 fier'i,
1138 1431 1310 1531 exemplo
1338 1431 1401 1510 suo
1428 1433 1639 1513 moscoom
1670 1460 1783 1515 com·

401 1540 600 1637 probant,
631 1537 694 1634 qui
717 1532 869 1611 infantes
891 1530 1128 1628 baptizandos
1151 1546 1204 1608 ter
1227 1533 1266 1607 in
1295 1554 1385 1632 aqua
1404 1546 1502 1612 totos
1531 1538 1781 1636 immergunt.
1889 1536 1893 1545 ’

422 1659 500 1714 non
521 1635 737 1721 credentes,
768 1630 985 1727 baptismum
1009 1629 1109 1708 aliter
1131 1633 1197 1709 rite
1224 1630 1319 1707 fieri:
1359 1655 1478 1733 neque
1498 1657 1660 1736 unquam
1686 1660 1784 1736 aque

427 1736 574 1836 tepida,
595 1732 659 1811 nisi
683 1757 751 1832 pro
773 1730 943 1819 infirmis,
970 1746 1129 1811 utuntur.
1195 1728 1522 1825 Quemadmodum
1553 1758 1673 1813 rerum
1693 1735 1783 1814 Mo·

423 1835 673 1917 scoviticaeum
691 1832 880 1931 scriptores
897 1834 1039 1933 prolixe
1063 1845 1205 1909 narrant
1219 1830 1316 1931 apud
1336 1839 1499 1929 Georgium
1519 1814 1718 1919 adimam,
1739 1838 1784 1915 in

422 1936 675 2013 Annototionibnt
695 1934 739 2007 od
752 1932 959 2008 Encbiridsnm
976 1931 1171 2026 chamoam·
1180 1933 1291 2029 Angele'
1309 1932 1348 2006 de
1359 1940 1455 2008 Statu
1463 1933 1674 2031 hodiernorum
1689 1943 1781 2010 Gra-

260 2038 264 2044 '
324 2030 328 2037 ’
423 2063 536 2117 corum.
557 2059 586 2128 p.
603 2056 688 2130 470.
722 2030 766 2119 Si
777 2035 840 2133 seq.
905 2029 951 2108 V.
971 2032 1008 2109 Si
1027 2049 1145 2111 tamen
1167 2054 1258 2132 aqua
1274 2030 1401 2131 frigida
1419 2032 1694 2113 incommodior
1717 2050 1782 2114 aut
1882 2073 1890 2089 ·

423 2132 658 2235 periculosam
682 2131 895 2218 censeatur,
932 2129 1048 2230 posset
1074 2154 1114 2209 ea
1145 2130 1323 2232 tepefieri:
1361 2132 1464 2233 quod
1498 2132 1634 2213 Graecis
1653 2134 1781 2213 suisin

423 2257 528 2311 more
554 2230 708 2333 positum
738 2228 826 2316 esse,
861 2252 954 2309 mox
972 2230 1134 2310 laudatus
1153 2231 1368 2326 christophoros
1387 2233 1531 2312 testatur
1567 2244 1642 2330 Cap.
1663 2258 1776 2312 xxiv.

422 2340 576 2420 somno,
602 2333 740 2430 iuquit,
778 2338 877 2407 Greci
896 2340 929 2406 in
954 2331 1078 2424 Ecesefio
1087 2335 1149 2426 sua
1170 2335 1245 2426 vostr
1270 2333 1411 2433 quedam
1433 2337 1555 2429 mpla,
1579 2364 1648 2436 quoe
1673 2345 1782 2429 Bapti-

414 2436 509 2531 sterio
533 2436 721 2529 appellitant,
745 2430 798 2508 boc
818 2436 876 2528 est,
902 2451 998 2507 tonna
1011 2435 1183 2526 capacitatis
1200 2435 1288 2525 nafis,
1312 2442 1336 2497 to
1352 2429 1386 2506 n
1403 2438 1456 2500 bo
1469 2442 1500 2501 u*
1517 2440 1599 2508 doru·
1617 2439 1779 2523 medana,

323 2610 329 2617 ,
423 2555 463 2610 ott
488 2535 636 2629 infamem
648 2585 660 2618 ,
700 2550 830 2633 quantur
854 2552 985 2632 quantus
1005 2537 1064 2625 est,
1102 2534 1206 2627 irsdem
1223 2532 1332 2628 poffint
1368 2544 1538 2611 immittere.
1612 2534 1780 2630 Quando

421 2635 533 2733 igitur
555 2633 671 2713 infans
691 2633 818 2725 aliquis
837 2630 938 2709 sonte
959 2632 1033 2709 hoc
1051 2631 1150 2709 sacro
1167 2634 1363 2733 tingendus
1390 2635 1458 2721 est,
1483 2649 1506 2705 u
1530 2648 1657 2716 comem
1675 2646 1712 2703 rt
1737 2670 1782 2709 oo-

421 2747 471 2803 aeie
492 2735 685 2823 ngestppeen'eeee
706 2736 736 2799 ee*
757 2729 822 2822 ssu(
845 2734 915 2818 neres
939 2738 1035 2819 φὼλυν
1053 2737 1121 2798 eredo
1141 2736 1253 2822 suessio,
1281 2735 1487 2833 confhngut'net'
1519 2737 1646 2830 infantes
1677 2744 1781 2829 ptimo

423 2844 558 2912 omnium
577 2860 709 2934 aquom,
719 2836 845 2932 floribus
862 2834 1017 2928 odoriferas
1032 2834 1186 2929 insperso,
1212 2853 1323 2911 curant
1342 2839 1478 2929 confini.
1550 2833 1647 2929 Quae
1672 2856 1784 2933 aquae

424 2933 604 3014 calciatiio
622 2932 649 3009 fi
666 2931 824 3011 similiter
841 2934 879 3010 in
904 2933 1034 3011 nostris
1052 2935 1262 3033 regionibus
1280 2933 1400 3022 fieret,
1424 2935 1627 3034 periculum
1647 2937 1686 3010 in
1707 2938 1782 3012 im·

161 3134 172 3145 g
270 3102 410 3181 mm
423 3031 600 3112 merfione
614 3033 915 3133 baptizandorum
940 3032 1143 3152 nouusque
1159 3033 1250 3112 adeo
1271 3057 1444 3134 magnum
1464 3033 1543 3112 fore
1563 3033 1713 3151 videtur.

352 3128 362 3164 ⁸
474 3130 577 3211 XIV.
604 3130 666 3210 Vs.
694 3130 783 3209 Non
816 3147 935 3210 tamen
962 3133 1236 3212 existimandum
1257 3134 1338 3221 est,
1365 3135 1457 3212 adeo
1479 3133 1524 3212 ad
1555 3132 1780 3229 baptismum

240 3193 328 3237 tanen
346 3177 392 3234 vei

241 3243 384 3331 monnone
428 3230 654 3311 necessariam
677 3229 745 3309 esse
774 3230 1069 3319 immerfionem,
1097 3247 1137 3310 ut
1155 3231 1357 3332 perfusione
1379 3235 1434 3310 vel
1454 3231 1677 3333 adspersione
1703 3237 1779 3312 site

239 3313 396 3455 22⁶ss&
428 3335 554 3434 peragi
574 3355 649 3409 non
676 3330 789 3430 possit.
836 3331 933 3409 Nam
957 3333 993 3407 &
1018 3331 1172 3430 perfusio
1193 3358 1234 3411 ac
1258 3329 1434 3429 adsperso
1453 3332 1585 3411 habeut
1605 3389 1618 3420 ,
1636 3357 1712 3434 quo
1738 3334 1780 3412 se

238 3453 319 3525 guo.
430 3448 604 3510 tueantur.
654 3431 679 3509 Ι.
703 3430 791 3509 Νοη
821 3431 1061 3531 fiApostolos
1084 3430 1234 3519 metune
1259 3434 1558 3531 comperiamus,
1587 3457 1632 3511 eo
1656 3438 1778 3514 ritum

427 3532 528 3611 hunc
548 3531 688 3628 semper
705 3528 899 3608 observasse
919 3530 1158 3632 consequitur.
1210 3531 1433 3610 Probabilius
1455 3534 1522 3620 est,
1542 3556 1604 3611 eos
1620 3548 1675 3612 ter
1690 3536 1776 3611 mil·

426 3630 461 3710 le
484 3687 494 3718 ,
520 3634 582 3732 qui
612 3654 683 3708 una
705 3632 763 3708 die
785 3632 1057 3730 baptizabantur
1077 3634 1147 3707 Aa.
1174 3657 1228 3709 11.
1251 3656 1310 3729 41.
1337 3655 1427 3732 aqua
1447 3631 1609 3733 perfusos
1625 3632 1684 3709 vel
1707 3633 1777 3710 ad·

426 3730 585 3832 sperius,
615 3754 723 3829 quam
744 3731 877 3808 mersos
898 3728 977 3807 esse.
1031 3729 1172 3810 Etenim
1192 3730 1377 3809 verisimile
1400 3756 1474 3810 non
1498 3733 1574 3819 est,
1600 3731 1775 3811 homines

425 3835 463 3909 in
481 3835 579 3909 verbi
593 3833 777 3928 praeconio
795 3828 1105 3927 occupatissimos,
1131 3832 1252 3930 quales
1266 3831 1431 3931 Apostoli
1452 3847 1573 3917 erant,
1594 3849 1666 3910 tam
1678 3856 1779 3929 ope·

424 3932 512 4010 rosae
532 3946 588 4009 tot
611 3930 765 4007 millium
791 3927 1013 4006 immersioui
1040 3930 1264 4029 suppeditare
1288 3929 1450 4030 potuisse.
1501 3930 1634 4030 Neque
1653 3931 1775 4009 credi-

293 4108 297 4116 ,
423 4031 496 4110 bile
515 4031 584 4118 est,
613 4029 849 4115 Cornelium,
876 4029 914 4106 &
939 4027 1117 4129 Lydiam
1143 4032 1181 4108 de
1203 4030 1600 4119 Commentationum,
1630 4033 1666 4107 in
1694 4034 1776 4130 pti-

423 4134 511 4207 vatis
524 4130 682 4216 aedibus,
709 4152 779 4208 una
795 4152 880 4208 cum
897 4128 984 4217 suis,
1010 4131 1227 4229 baptizatos,
1253 4131 1452 4228 baptisteria
1472 4131 1517 4207 ad
1539 4153 1688 4208 manum
1706 4131 1775 4211 ha-

422 4228 566 4316 buisse,
594 4230 724 4328 quibus
751 4230 819 4306 toti
841 4230 1009 4328 immergi
1040 4232 1235 4327 potuerint.
1285 4228 1498 4309 Perfusionis
1527 4230 1692 4329 exempla
1718 4254 1776 4313 ex

420 4331 629 4428 antiquitate
648 4327 764 4417 attulit
778 4328 893 4425 Vtilius
912 4334 1033 4429 Dospnt.
1060 4338 1153 4411 1.De
1166 4332 1282 4429 baptis:
1312 4331 1366 4410 Tb.
1386 4354 1443 4411 m.
1483 4329 1599 4429 Quae,
1628 4330 1791 4508 effidem.

1617 4454 1660 4513 ur
1687 4454 1764 4518 me,
