3792 4842
560 176 632 262 De
678 176 965 264 Burrieno.
1359 204 1437 285 727
1491 296 1493 303 Ι

79 351 202 439 Μή
224 334 430 438 adumbrat,
460 346 509 425 ita
521 342 698 449 quidem,
734 365 775 428 ut
798 372 917 451 neque
941 351 1031 427 stare
1052 350 1158 449 polilt
1174 355 1210 427 in
1232 349 1370 448 judicio
1389 352 1437 431 ad

80 459 192 536 nostri
206 450 571 536 condemnationem,
597 470 717 548 neque
738 450 967 529 dominatum
986 473 1153 530 exercere
1169 455 1205 528 in
1221 453 1437 549 corporibus

78 554 231 651 nostris,
262 569 302 633 ut
328 549 584 646 cupiditatibus
601 551 678 646 ejus
704 548 902 629 serviamus.
945 549 1061 628 Priori
1076 550 1234 649 respedu
1255 576 1354 629 mors
1379 575 1439 628 ve·
1528 636 1533 645 .

81 660 165 737 teria
181 651 341 732 hominis
353 652 397 729 ad
412 644 726 748 justificationem:
752 650 957 748 posteriori.
970 650 1015 730 ad
1030 648 1339 730 saontficattonen
1356 674 1436 750 per·
1453 736 1457 743 Δ

78 761 179 839 tinet.
230 761 325 828 Mora
341 750 404 827 sub
419 750 520 849 aquia
531 750 724 845 sepulturam
747 754 913 845 corporis
935 770 1170 849 peccatorum
1192 750 1431 850 representat,

80 878 151 958 qut
171 856 291 933 omnis
314 850 565 928 reviviscentiae
592 847 671 948 spen
693 849 726 926 ei
748 848 1022 947 praelcinditur:
1066 866 1106 928 ut
1129 874 1317 951 nunquam
1338 852 1436 951 post-

78 955 150 1035 hac
174 957 231 1030 vel
252 953 422 1029 damnare
443 946 604 1032 eicitur,
641 948 697 1025 vel
713 944 894 1029 dominari
917 951 959 1026 iis
980 966 1096 1049 queat
1154 948 1252 1028 Nam
1276 951 1376 1027 licuti
1395 953 1434 1027 in
1528 1036 1531 1047 ¹

77 1054 259 1157 sepultura
282 1050 430 1131 cadauer
446 1062 541 1151 terra
565 1048 741 1125 obrutum
768 1050 814 1124 ab
840 1050 1009 1129 omnium
1026 1049 1221 1127 hominnm
1241 1048 1435 1147 consperto
1547 1124 1555 1137 ,

78 1169 289 1234 removetur
309 1206 321 1238 ‚
340 1151 379 1227 dr
394 1154 441 1227 ita
458 1145 691 1244 superinjecta
705 1162 798 1225 terra
814 1150 1017 1247 premitur,
1041 1148 1122 1228 utfi
1140 1149 1328 1249 fingamus,
1354 1172 1434 1227 non

78 1254 169 1334 nihii
196 1257 275 1330 ritae
298 1253 336 1327 in
358 1249 510 1329 humine
542 1247 683 1346 sepulto
708 1244 940 1337 remaclille,
977 1250 1033 1324 vel
1059 1251 1193 1352 aliquid
1211 1254 1289 1326 uita
1311 1253 1342 1325 ei
1369 1273 1438 1346 per

71 1354 294 1449 ,miraculum
311 1352 467 1428 denoto
486 1344 589 1432 indi,
615 1345 674 1423 illa
688 1358 809 1424 tamen
832 1346 1030 1450 nonpoffit
1051 1374 1125 1426 non
1141 1349 1338 1448 subinjeliu
1365 1368 1437 1426 ter-

77 1474 129 1533 rat
144 1453 306 1552 pondere
323 1449 508 1534 suffocari,
543 1444 727 1546 nequead
756 1450 1018 1547 perennitatem
1044 1449 1200 1546 aliquam
1226 1472 1434 1548 emergere:

75 1555 125 1637 ad
152 1552 311 1630 eundem
333 1548 515 1633 modum,
543 1567 659 1645 quum
678 1547 716 1620 in
747 1547 926 1643 baptismo
949 1547 1065 1625 bomo
1092 1552 1193 1651 aquis
1214 1550 1347 1627 mersus
1370 1550 1433 1625 uli·
1529 1588 1533 1595 ·

77 1642 985 1844 titll‘tltll{titltlltltllttbl
1018 1646 1433 1848 tlltltltnt‘ttl

76 1870 120 1937 ut
142 1855 366 1949 imputentur
390 1847 434 1924 ad
457 1846 802 1925 condemnationem
820 1870 833 1941 3
861 1845 933 1923 fite
948 1845 1135 1927 ‘utMicha
1151 1847 1331 1949 loquitur,
1351 1855 1429 1941 Cap.

74 1977 122 2031 vr
134 1978 164 2029 1.
186 1974 241 2041 19.
261 1950 407 2045 fabullae
426 1949 481 2045 effe
497 1954 675 2047 iniquitates
691 1950 833 2035 unitae,
869 1944 915 2034 ἓξ
932 1956 1033 2022 omnia
1052 1968 1173 2042 peccata
1192 1953 1289 2041 nultra
1311 1958 1344 2023 in
1362 1972 1430 2040 pto·

67 2048 290 2152 penultimum
307 2053 399 2126 merri
421 2050 550 2140 canent
570 2046 641 2141 effe.-
680 2045 880 2147 itidemque
897 2048 972 2125 rlnr
991 2070 1226 2145 peccatorum
1250 2047 1434 2147 irapremi

52 2153 117 2230 ‘dr
133 2150 316 2236 enervari,
338 2173 385 2225 ne
400 2149 548 2225 ulterius
563 2150 639 2220 *nos
661 2145 849 2235 impellat,
871 2167 948 2243 quo
970 2149 1080 2233 velit,
1112 2149 1167 2225 vel
1190 2147 1336 2227 salutem
1366 2170 1435 2224 no·

75 2251 185 2330 stram
197 2247 391 2345 impediat.
416 2258 476 2321 aut
499 2242 611 2318 semel
627 2238 763 2317 amnas
782 2245 873 2318 uires
888 2244 1054 2333 resumat,
1075 2246 1119 2323 ad
1139 2270 1206 2323 noe
1225 2249 1264 2324 in
1282 2247 1437 2347 potestu-
1571 2242 1575 2257 ‘

74 2366 158 2429 tem
176 2348 272 2424 luam
296 2344 428 2423 iterum
446 2341 675 2442 redigendos.
703 2340 828 2431 timulo
848 2364 1018 2443 exaqua,
1048 2349 1134 2420 novi
1150 2344 1320 2435 hominis,
1349 2369 1436 2445 pec·

77 2451 169 2528 cutia
192 2448 266 2544 jam
290 2441 477 2530 demersis,
506 2444 552 2518 ad
568 2440 785 2538 spiritualem
811 2445 941 2529 vitant,
974 2465 1039 2540 per
1063 2444 1192 2522 Christi
1213 2446 1439 2524 resurreetio-
1467 2512 1472 2521 .

75 2569 192 2630 nem,
220 2543 370 2623 suscitati
387 2540 592 2643 symbulum
610 2540 672 2620 eii
708 2539 828 2642 Atque
841 2542 1077 2645 huncquoque
1099 2544 1294 2643 Apostolus
1311 2547 1437 2632 docet.

73 2652 165 2742 item.
189 2648 245 2723 v'r.
262 2666 336 2742 3.4.
356 2666 387 2737 ς.
400 2656 434 2720 6.
476 2642 512 2718 dr
537 2644 604 2716 Col.
631 2645 940 2730 11.11.12'.ubi,
970 2643 1185 2742 baptismum
1208 2645 1369 2723 nostrum
1386 2648 1435 2723 ita

74 2747 293 2825 memoriale
317 2741 386 2822 else
413 2742 532 2821 innuit
555 2765 685 2820 eorum
713 2764 794 2843 quae
819 2741 962 2822 Cbriilo
982 2745 1233 2829 obvenerunt,
1269 2762 1309 2824 ut
1329 2743 1433 2822 fimnl

72 2843 558 2945 oblignetcommunionem
580 2842 691 2921 nostri
712 2865 799 2923 cum
811 2840 955 2922 Christo
975 2846 1014 2922 in
1028 2846 1072 2922 iic
1087 2845 1281 2933 omnibus,
1299 2847 1434 2924 &coa-

72 2944 246 3025 titionem
289 2941 357 3021 nali
376 2946 412 3019 in
436 2964 544 3020 unam
562 2942 731 3039 plantam.

129 2969 307 3124 XXVltil.
339 3043 469 3121 Sed&
487 3043 605 3158 sutura
623 3041 765 3140 impieta
790 3040 970 3141 baptismo
991 3040 1240 3143 fignificantur.
1292 3043 1433 3138 Quem·
1466 3038 1620 3130 aaut*

72 3143 279 3225 admodum
305 3145 459 3223 enimin
482 3141 658 3240 baptismo
679 3145 781 3243 aquia
810 3141 991 3229 immerli,
1028 3168 1117 3221 mox
1133 3144 1352 3245 emergimus
1372 3143 1432 3221 lal-
1448 3135 1519 3191 ’Ψ

73 3247 140 3324 vi:
171 3248 218 3322 ita
241 3247 348 3322 eriam
367 3245 529 3321 intutum
546 3241 616 3326 est,
639 3255 703 3327 ut,
727 3242 814 3318 licet
831 3243 1089 3323 calamitatibus
1111 3248 1148 3319 in
1171 3243 1239 3322 hac
1262 3248 1332 3320 vira
1352 3266 1434 3340 pre-

71 3368 244 3430 mamur,
280 3365 357 3419 non
395 3358 516 3419 tamen
540 3344 813 3440 opprimamur3
846 3339 936 3426 led,
966 3345 1008 3419 iis
1030 3344 1176 3420 tandem
1203 3346 1360 3430 liberati,
1394 3345 1434 3419 in

105 3444 255 3523 erennia
272 3438 403 3542 gaudia
429 3440 691 3518 transferamur.
762 3441 874 3535 Aquis
897 3443 994 3518 enim
1016 3443 1229 3521 calamitates
1258 3446 1295 3518 in
1320 3442 1435 3521 Sauria

71 3468 209 3625 {iteris
222 3543 436 3638 comparari,
455 3562 500 3616 ex
513 3539 677 3639 plurimis
692 3536 917 3635 locisliquet.
936 3545 985 3633 Pfi
996 3564 1065 3619 xvr
1077 3568 1091 3618 1
1102 3568 1131 3618 r.
1148 3566 1175 3636 ς.
1188 3546 1234 3635 Pfi
1247 3555 1433 3628 xxxma.

72 3648 126 3739 Pfi
139 3653 301 3728 acutus.
321 3644 368 3734 Pfi
379 3662 514 3718 exitu.
529 3663 563 3733 7.
593 3635 637 3717 Et
658 3636 867 3717 affliliioner
878 3641 1097 3742 quandoque
1107 3644 1269 3741 baptismi
1281 3641 1438 3719 'nomine

70 3744 241 3824 veniunt.
280 3738 400 3817 Marri.
422 3762 481 3816 xx.
505 3760 563 3819 22.
600 3745 704 3814 Mare.
723 3760 758 3815 x.
780 3760 838 3832 32.
856 3747 932 3819 Luc.
956 3765 1041 3819 xri.
1071 3767 1125 3837 50.
1167 3740 1325 3820 Emerfio
1347 3766 1440 3844 ergo

74 3866 129 3924 ex
151 3844 272 3943 aquia,
296 3843 351 3921 rel
371 3862 544 3937 aquarum
569 3836 755 3928 absterfio,
780 3841 919 3917 beatam
939 3844 1108 3920 omnium
1123 3843 1230 3923 seculi
1250 3843 1356 3941 hujus
1373 3842 1442 3922 dif-
1592 3906 1594 3913 .

72 3942 286 4024 ficuiratum
308 3939 575 4037 superationem
602 3953 714 4016 norat.
745 3935 911 4017 Conierri
933 3943 1049 4037 potest
1082 3952 1176 4020 1Pet.
1202 3969 1283 4021 ιιι.
1302 3966 1362 4031 ao,
1379 3966 1440 4021 ar.

73 4052 120 4121 In
144 4070 209 4144 qen
232 4044 342 4126 (arca
357 4038 476 4129 Noae)
489 4065 613 4134 pauca,
632 4039 668 4113 tl
688 4040 824 4133 dioilo,
844 4046 954 4113 anina
962 4043 1094 4133 struma
1106 4047 1183 4135 frent
1198 4054 1230 4119 irr
1248 4073 1339 4143 aqua.
1379 4050 1447 4118 Cui

44 4152 59 4189 ’·
162 4143 317 4237 estonum
334 4142 484 4234 ntemplnr
506 4142 644 4235 baptismi
664 4164 849 4241 torqueque
871 4142 990 4231 savar.
1064 4139 1107 4218 Et
1131 4146 1444 4238 quemadmodum

153 4244 246 4321 etirae
265 4262 340 4319 non
355 4239 427 4317 fine
449 4241 589 4339 ingenti
612 4239 850 4339 trepidatione
870 4260 968 4329 mare
996 4238 1145 4316 rubrum
1166 4238 1307 4341 ingrelli
1337 4296 1347 4326 ‚
1380 4240 1447 4319 AE·

68 4345 217 4453 gyptiir
233 4338 434 4434 submersis,
465 4339 632 4424 inverse
652 4336 850 4429 tandemin
868 4338 1004 4421 aridam
1023 4336 1210 4437 ernerfilir,
1233 4340 1445 4518 ίῑιιρώειηὶξἑ
1475 4344 1481 4353 ‘
