3792 4842
471 199 550 298 ‘'716
849 200 977 284 L1rr.
1028 201 1100 285 IV.
1149 200 1291 286 cri.
1337 199 1462 283 XVI.

311 399 445 465 mm..
526 366 573 447 V.
601 366 738 447 Modus
766 366 935 468 llaprilmi
967 371 1064 471 apud
1096 371 1264 452 israelus
1292 372 1353 451 hic
1385 383 1469 448 erat.
1539 366 1563 446 l.
1595 366 1772 447 lnlriandun

293 470 352 539 ὃν,
476 469 698 572 proselytum
724 471 994 573 interrogabant
1015 472 1061 550 de
1092 471 1289 552 sinceritate
1322 467 1560 551 conversionis
1586 468 1646 545 lua
1666 469 1704 545 ad
1727 458 1774 566 Ju·

476 568 672 648 daismum:
700 592 876 648 numnam
892 571 994 648 illum
1018 572 1276 671 profiteretur,
1303 571 1364 671 spe
1381 571 1601 653 divitiarum,
1621 567 1669 644 rel
1685 568 1774 644 honu-

476 670 552 755 ria,
579 671 617 745 io
638 670 821 767 republica
840 669 1016 765 florente3
1043 673 1163 751 velex
1187 675 1320 750 timore
1342 696 1354 766 ;
1379 671 1434 747 vel
1452 692 1499 745 ex
1515 690 1631 746 amore
1645 667 1772 746 soeuinr

475 767 674 847 lsra'dliticae
694 794 704 862 3
733 770 842 847 aliave
862 771 1039 849 consimili
1060 769 1172 850 caussa
1199 795 1273 848 non
1302 774 1408 849 bona.
1461 768 1653 869 Quumque
1671 766 1729 844 iola
1750 768 1776 843 le

477 870 638 946 numinis
656 867 833 968 religione
853 923 865 956 ,
888 870 925 947 dr
949 895 1025 947 non
1047 873 1168 949 fucato
1193 870 1337 950 Divinae
1359 870 1449 967 legit
1473 892 1617 954 amore,
1640 867 1775 945 accedere

479 968 650 1047 testatum
667 967 819 1054 fecisset,
839 969 884 1046 de
910 974 1013 1048 vuriir
1034 973 1190 1049 articulis
1210 972 1299 1071 legia
1318 993 1402 1058 eum
1422 967 1656 1047 edocuerunt:
1670 966 1707 1041 de
1723 964 1775 1051 [lei

478 1069 636 1153 unitate,
658 1067 704 1145 de
725 1068 938 1149 idololatriae
959 1070 1140 1159 foeditate,
1173 1069 1219 1147 de
1235 1069 1628 1170 praemioobrdieotiae,
1647 1065 1685 1142 de
1698 1087 1776 1142 muu-

478 1166 530 1245 do
556 1167 705 1253 suturo,
736 1170 772 1244 dt
797 1169 873 1247 aliis
896 1168 1113 1269 Theologiae
1139 1171 1208 1248 suae
1239 1170 1425 1269 capitibun
1479 1168 1574 1264 Quae
1597 1168 1773 1265 potquam

478 1264 544 1353 se,
572 1289 617 1343 ur
645 1269 799 1346 minimo
827 1269 977 1366 quidem
1003 1286 1185 1364 excepto,
1208 1273 1390 1368 recipere,
1416 1267 1619 1346 solemniter
1642 1260 1776 1364 prolesur
1846 1300 1848 1305 ⁴

457 1390 461 1398 ·
480 1379 579 1452 erat,
599 1389 689 1443 mox
703 1368 1039 1447 circumcidebatur.
1086 1368 1135 1448 ll.
1153 1368 1443 1449 Circumcisronis
1459 1366 1659 1446 vulnusculo
1667 1368 1776 1458 integre

479 1464 632 1553 sanato,
662 1465 909 1550 adducebatur
932 1470 977 1546 ad
1009 1467 1240 1567 Baptismurn.
1290 1466 1363 1548 Hic
1386 1491 1461 1545 non
1489 1467 1700 1567 peragebatur
1725 1457 1775 1537 nis

478 1564 710 1660 praesentibuu
739 1565 985 1656 Triumuirir,
1019 1573 1082 1669 qui
1112 1567 1275 1667 discipuli
1304 1569 1507 1666 sapientum
1539 1565 1663 1650 essent,
1687 1562 1777 1626 Μ

478 1659 732 1765 1¹77,quirite
752 1669 874 1758 jndicio
903 1696 1039 1745 exercere
1068 1671 1203 1769 poffrtrt,
1230 1667 1267 1744 id
1296 1670 1346 1746 est
1367 1723 1379 1754 ,
1404 1667 1584 1767 sanguinis
1608 1656 1777 1775 delaecttiffi·

479 1763 531 1839 mi
560 1761 730 1840 Israblitae.
782 1765 928 1844 Horum
954 1786 1051 1857 erat,
1080 1794 1156 1846 uon
1195 1768 1307 1846 modo
1339 1791 1463 1846 cavere
1489 1823 1502 1854 ,
1530 1783 1570 1844 ut
1597 1765 1702 1842 omnia
1728 1775 1775 1836 rur

479 1862 755 2036 ssraestareutun
779 1868 816 1942 dr
838 1867 883 1942 de
902 1869 945 1944 iis
970 1893 1073 1945 more
1095 1872 1272 1969 majorum
1292 1870 1449 1968 praellitis
1470 1867 1699 1943 testimonium
1718 1881 1777 1958 per·

508 1961 632 2051 ibere,
661 1962 719 2039 sed
748 1966 783 2040 dr
810 1967 1100 2063 baptizandum,
1129 1972 1164 2044 in
1190 1992 1280 2066 aqua
1307 1970 1378 2066 jam
1402 1967 1648 2050 collocatum,
1671 1960 1780 2057 dequi-

479 2060 627 2176 busdam
654 2065 914 2160 gravioribus,
949 2068 1240 2167 quibusdamque
1268 2068 1460 2146 levioribus
1492 2066 1583 2167 legia
1605 2062 1774 2173 praeceptir·

477 2173 609 2237 rterunr
630 2161 925 2246 condocefacere-
977 2163 1083 2243 Tales
1110 2169 1306 2248 Triunrriri
1337 2170 1374 2242 in
1411 2166 1595 2266 Scriptura
1616 2157 1776 2260 primu

478 2273 611 2336 cuntur
634 2260 757 2338 slahim.
777 2330 792 2339 .
812 2261 972 2341 Christus
998 2267 1127 2361 pariter
1146 2271 1183 2343 io
1207 2265 1305 2344 Novi
1329 2265 1475 2343 soederic
1509 2263 1679 2364 Baptismu
1695 2258 1778 2332 illl»

470 2355 593 2434 adesse
619 2359 737 2438 docet.
764 2368 849 2436 Mar.
871 2386 998 2440 xxvr
1021 2388 1035 2439 r
1060 2390 1088 2441 r.
1113 2391 1167 2456 19.
1196 2372 1259 2466 qui
1287 2382 1358 2443 treu
1384 2366 1486 2444 telier
1509 2364 1663 2444 coelestes
1685 2359 1778 2435 dicuu-

475 2469 545 2533 tur.
574 2459 677 2552 rJol.
701 2483 731 2536 v.
762 2481 797 2554 7.
830 2460 873 2540 ll
889 2463 912 2541 l.
941 2461 1050 2542 Nefas
1078 2484 1151 2545 erat
1176 2464 1394 2565 Baptismum
1423 2465 1525 2544 uliter
1551 2465 1624 2543 sieri
1646 2459 1778 2560 quanin
1848 2554 1849 2563 Ν

479 2556 571 2621 0⁹0
589 2563 697 2651 Πψῦι
722 2565 888 2661 confluam
912 2563 981 2641 sive
998 2569 1201 2660 conceptaculo
1230 2592 1384 2668 aquarum
1406 2589 1418 2659 3
1441 2567 1592 2645 naturali
1614 2564 1778 2640 nimirum,
1848 2600 1849 2617 κ

477 2658 592 2735 veluti
621 2657 762 2744 fluvio,
793 2663 956 2762 stagno,
992 2665 1104 2744 fonte.
1173 2660 1275 2743 Nihil
1306 2670 1404 2743 enim
1442 2669 1562 2743 minue
1597 2664 1777 2741 admittunt,

478 2779 589 2858 quarn
626 2775 666 2836 ut
709 2783 799 2856 aqua
832 2761 1017 2851 aliunde,
1060 2765 1218 2854 liaustu,
1260 2782 1320 2845 aut
1355 2766 1591 2863 receptaculis
1624 2752 1778 2839 artificiose

478 2873 621 2954 recepta
661 2912 671 2944 ,
711 2862 777 2936 rite
820 2866 900 2961 quis
940 2865 1152 2966 baptizetur.
1217 2864 1290 2943 IV.
1328 2865 1514 2965 integrum
1554 2886 1679 2962 corpus
1712 2874 1781 2932 tuet-
1848 2866 1849 2873 '

478 2957 639 3052 gendum
666 2978 763 3046 erat,
803 2960 978 3038 mersione
1005 2989 1085 3042 una.
1137 2965 1231 3042 Nam
1257 2966 1280 3042 fi
1306 2969 1443 3063 quisse
1479 2982 1597 3044 totum
1620 2962 1780 3070 ablueret..

479 3070 634 3149 excepto
662 3059 717 3132 vel
744 3062 853 3136 unico
876 3065 978 3157 apice
1004 3068 1144 3141 minimi
1169 3068 1298 3163 digiti,
1336 3065 1396 3140 ille
1422 3065 1541 3143 adhuc
1566 3069 1602 3141 in
1622 3056 1781 3139 immundi·

478 3157 526 3230 tia
545 3154 600 3229 sua
617 3178 761 3233 manere
783 3159 1000 3238 censebatur.
1052 3164 1141 3240 Non
1167 3181 1285 3241 tamen
1311 3162 1448 3243 necesse
1468 3180 1565 3252 erat,
1599 3152 1783 3258 baptizando

478 3254 588 3329 vestre
622 3277 751 3332 omues
776 3281 930 3348 exuere,
961 3264 1074 3341 modo
1100 3265 1185 3341 talea
1209 3262 1340 3353 essent,
1368 3287 1454 3362 quas
1484 3262 1783 3364 aquasacilepeur·

349 3424 366 3457 ‚
477 3366 569 3427 trare
597 3352 721 3450 pollet.
774 3352 819 3432 V.
847 3355 1026 3458 lmprimis
1049 3363 1274 3451 notandum,
1302 3365 1468 3463 parrulos
1493 3367 1600 3442 etium
1619 3361 1782 3457 baptizator

456 3448 574 3526 -suisse
595 3453 808 3553 plerumque
834 3480 901 3532 una
923 3484 1007 3537 cum
1030 3465 1244 3560 parenribue.
1321 3463 1369 3540 lta
1391 3464 1489 3538 eninr
1515 3466 1552 3540 iu
1584 3458 1719 3535 Tabnude
1738 3461 1781 3524 lr-

474 3551 617 3649 lydum,
644 3556 746 3626 aaran
769 3557 861 3631 arud.
879 3560 938 3631 ror.
962 3583 1023 3636 χι.
1042 3591 1067 3636 c.
1084 3588 1112 3637 1.
1135 3565 1182 3647 pr
1204 3566 1269 3628 nu
1286 3566 1363 3640 rum
1377 3543 1427 3639 bu
1442 3566 1521 3629 mne
1538 3560 1724 3653 marrona
1737 3552 1780 3615 ll»

474 3653 656 3748 Prosilytum
669 3657 834 3749 parvulum
859 3658 1019 3750 baptizant
1028 3665 1198 3754 secrmdmn
1208 3666 1391 3754 seutentiam
1404 3668 1552 3765 synedrae
1676 3748 1680 3753 g
1771 3746 1778 3765 ι

293 3765 453 3845 &affluar
525 3749 587 3824 Vl.
617 3748 766 3828 Effcsius
789 3753 894 3851 hujus
915 3760 1123 3838 initiationis
1144 3780 1242 3847 erat,
1282 3761 1307 3840 l.
1337 3762 1387 3843 Ut
1414 3767 1610 3862 baptizatur
1637 3745 1779 3852 ejolnod

473 3850 562 3913 ΜΠ
587 3844 688 3914 7720
703 3856 776 3918 &2⁴¹¹
796 3856 992 3946 univmfitate
1013 3871 1151 3955 gentium
1173 3883 1341 3952 exemptus,
1371 3867 1491 3940 censer
1513 3878 1571 3937 tur
1593 3861 1675 3925 W'fl
1693 3855 1735 3931 β’
1746 3851 1778 3944 fi·

472 3950 523 4019 litu
536 3950 681 4043 fuderis,
709 3955 767 4026 cui
784 3953 908 4029 datum
930 3958 979 4033 est
1004 3964 1140 4026 milvii
1164 3962 1239 4026 ’ΒΗ
1255 3967 1338 4028 l'lllsl
1353 3889 1533 4056 notmnctt
1547 3937 1662 4026 ΟΜ)
1688 3966 1781 4029 iurare

472 4046 517 4132 ἓξ
534 4067 637 4121 tutam
659 4051 767 4124 haben
786 4057 942 4137 stationem
958 4061 1021 4147 sub
1039 4063 1094 4135 alis
1112 4066 1280 4154 Majrflatir
1299 4072 1434 4137 Dnrrrae.
1494 4061 1543 4141 II.
1558 4060 1619 4138 .Ut
1644 4052 1726 4149 quast
1744 4046 1779 4119 dt

466 4151 949 4346 ggugffiirtggahabrjeltur.
977 4156 1075 4237 Hinc
1087 4162 1212 4237 tritum
1228 4162 1314 4332 illlud
1329 4168 1364 4239 in
1382 4161 1584 4336 Trlrlmude‚
1610 4146 1780 4327 silim

765 4277 1027 4341 ’ruetrmrrc
1087 4290 1104 4333 o
1216 4283 1416 4352 ordume
1481 4273 1607 4345 mans,
1672 4287 1683 4327 r

463 4344 616 4435 mseras,
647 4276 810 4429 baderun?
835 4283 995 4456 Frigore
1020 4266 1158 4447 affl
1175 4264 1543 4465 lpdcssygeotiliruilliufc
1561 4285 1698 4441 aarum
1726 4369 1777 4521 ¹¹2·

1271 4486 1274 4493 ·
1509 4492 1511 4495 ·
1711 4472 1745 4526 ra
