3792 4842
462 188 1069 311 DanrvrsTesuNovr.
1198 130 1201 136 Δ
1369 222 1461 303 707⁴

94 356 268 438 nendum
296 360 367 435 Gal.
390 384 470 438 ιιι.
491 363 936 458 renascereris.
966 364 1019 445 Ex
1043 368 1132 449 vivis
1155 369 1254 446 enini
1281 373 1443 470 primunr

21 468 25 471 ’
95 478 274 546 mortuae,
301 484 348 537 ex
371 460 569 541 ueceilariis
601 465 790 541 arbitrariae
815 465 964 543 redditae
984 466 1090 544 sunt:
1116 470 1197 563 post
1225 494 1272 547 ex
1290 475 1442 557 mortuis

94 561 288 638 mortiferae
309 615 320 646 ,
341 582 388 657 ex
413 563 603 639 arbitreriis
627 563 787 650 illicitae,
813 587 1000 665 nunquam
1029 567 1249 645 refodiendae
1268 572 1348 670 post
1366 572 1441 669 ple.

93 662 231 739 natium
265 657 450 758 Euangelii
479 662 850 763 promulgationem,
880 666 917 742 δι
940 666 1070 763 ‘templi
1097 662 1437 768 Hierosolymiteui,

93 783 175 863 quae
194 759 292 838 sedes
314 776 388 837 erat
412 765 701 839 ceremoniarum
722 761 918 850 lactatum,
944 765 1232 845 demolitionem.
1260 768 1300 847 ll.
1316 769 1440 849 Liber·
1540 818 1543 829 ·
1593 812 1596 823 ·

94 876 146 940 tas
168 862 261 938 circa
289 859 458 956 plurimas
478 889 525 936 err
548 865 741 956 ternosue
771 865 1002 958 indifferentes,
1023 887 1177 965 quarum
1203 868 1258 945 vel
1285 872 1365 948 usus
1380 871 1438 949 vel

93 954 305 1041 abstinentia
324 960 415 1047 oltut
437 958 596 1041 Israelitis
614 961 769 1059 injunlla
787 979 895 1041 erant.
926 974 987 1038 Tit.
1007 991 1036 1041 1.
1054 983 1111 1059 ις.
1127 968 1193 1042 Col.
1219 993 1273 1045 ιι.
1297 992 1355 1056 20,
1377 992 1434 1048 nr.

97 1070 205 1140 1Cor.
235 1082 270 1136 x.
300 1082 358 1153 25·
421 1059 480 1138 lli.
506 1062 718 1139 immunitas
743 1088 762 1140 a
788 1065 893 1161 legibm
910 1064 1082 1154 Forenfibns
1112 1070 1337 1159 Ifrnilitarum,
1360 1093 1436 1146 non
1514 1053 1552 1165 ”y

90 1184 166 1262 qua
183 1162 269 1258 jutis
283 1165 491 1238 communis
511 1178 638 1253 erant3
663 1161 721 1236 sed
739 1184 809 1261 qua
826 1167 911 1259 juris
934 1166 1191 1262 particularis,
1213 1169 1289 1246 larse
1303 1168 1437 1269 Judaeis

92 1286 167 1363 que
186 1261 313 1347 talibus
325 1307 343 1347 ,-
357 1260 560 1338 distinilivae
579 1283 707 1338 eorum
727 1264 771 1347 ab
788 1263 862 1339 eliis
876 1265 1068 1362 gentibus,
1094 1275 1378 1348 accommodatae
1390 1268 1436 1346 sd

92 1364 246 1462 genium
266 1362 384 1458 gentis
408 1385 451 1439 ac
469 1364 649 1460 regionis,
671 1361 709 1437 &
733 1361 987 1462 subservientes
1010 1366 1205 1443 maximam
1225 1385 1363 1465 partem
1388 1369 1438 1447 la·
1576 1426 1580 1437 -

94 1461 262 1545 cerdotio
276 1458 467 1546 Levitico,
498 1464 557 1539 cui
572 1477 647 1540 tota
666 1460 779 1538 ferme
802 1462 926 1561 politia
950 1466 1184 1544 innexuerat
1237 1465 1299 1545 IV.
1325 1470 1437 1546 Acce·

94 1564 150 1640 dit
168 1561 297 1638 clarior
320 1583 363 1637 ec
388 1559 576 1659 perfeiiior
596 1558 783 1639 Libertatis
811 1561 1019 1642 Christianae
1051 1618 1062 1648 ,
1087 1563 1285 1644 secundum
1307 1590 1437 1646 omues
1567 1651 1569 1654 ,

93 1666 214 1762 partes
234 1660 271 1736 ἃ
287 1658 441 1759 gradus,
464 1660 730 1759 promulgatio,
759 1666 949 1760 cognitio,
977 1665 1068 1740 usus.

144 1757 239 1840 XX.
267 1760 393 1838 Sext
406 1785 444 1838 o.
470 1757 580 1841 Bonis
602 1758 701 1837 Novi
721 1758 1188 1844 Testamenti-annumerari
1209 1763 1326 1862 potest
1346 1785 1438 1861 gen·
1467 1778 1624 1861 veseima.

95 1864 141 1940 tis
171 1860 385 1947 israeliticae,
422 1875 524 1938 anter
552 1859 708 1958 rnjeilae,
737 1861 937 1949 restitutio,
966 1865 1003 1941 ir
1028 1863 1188 1943 reduiliu
1208 1864 1253 1942 ad
1272 1885 1437 1942 commu·
1464 1843 1618 1986 &w

95 1964 249 2039 nionem
271 1957 347 2039 Dei
367 1964 404 2037 in
423 1959 574 2039 Christo.
629 1959 745 2054 Quod
773 1984 945 2071 arcanum
972 1960 1100 2040 Paulus
1132 1964 1302 2064 gentibus
1322 1963 1437 2059 expli·
1458 1930 1574 2040 inss'
1605 1932 1629 1971 ⁸⁸
1669 1984 1675 2001 ·

97 2063 184 2139 cuit
207 2071 359 2152 Romxr.
375 2082 434 2155 25,
449 2073 509 2146 26,
528 2083 586 2154 27.
637 2062 745 2136 Nolim
765 2070 844 2136 enirn
858 2090 912 2139 uos
926 2071 1086 2161 ignorare,
1103 2066 1242 2156 fratres,
1268 2066 1439 2161 mysterium

92 2162 150 2237 hoc
172 2164 241 2246 (nt
266 2189 303 2234 ne
314 2161 383 2250 fitis
403 2163 487 2251 apud
503 2177 619 2232 vosmet
644 2162 716 2250 ipsos
725 2163 900 2251 sopientes)
925 2165 1152 2237 obdurationem
1174 2189 1214 2237 erc
1229 2183 1316 2256 perte
1334 2162 1437 2254 Israeli

89 2262 262 2361 obuenisse,
285 2256 428 2348 tantisper
442 2258 519 2329 dum
533 2260 686 2348 plenitude
698 2265 838 2351 gentium
845 2266 1017 2333 introierit:
1042 2269 1081 2330 Et
1098 2270 1144 2334 itn
1165 2282 1248 2334 totns
1267 2261 1361 2354 lsroii
1372 2267 1438 2353 ser·

87 2362 232 2433 trabitur
249 2386 258 2427 .·
277 2356 361 2447 ficut
368 2359 515 2448 scriptum
533 2362 591 2449 est,
613 2362 719 2431 Veniet
737 2383 776 2430 ex
793 2365 864 2431 Sion
882 2362 929 2433 ile
942 2359 1121 2442 liberator,
1145 2359 1190 2448 ἐξ
1208 2380 1328 2434 avertet
1337 2369 1438 2455 impie-
1510 2390 1513 2397 ¹

52 2544 67 2565 g
83 2478 179 2536 enses
199 2485 222 2530 a
233 2456 349 2553 Jacob.
398 2455 559 2544 relocet
578 2458 634 2530 illis
651 2486 671 2530 a
689 2482 736 2531 me
749 2459 898 2550 polium,
918 2484 1019 2560 quum
1036 2459 1181 2553 abstulero
1199 2467 1373 2557 iniquitates
1393 2469 1439 2554 ip·

144 2585 199 2632 um
277 2596 280 2603 ’
1553 2624 1565 2633 .,
1693 2620 1722 2643 ,.

83 2563 269 2736 &xiil
297 2651 339 2731 In
364 2676 474 2754 quern
499 2651 623 2732 locum
650 2670 746 2733 nota.
797 2654 823 2733 Ι.
851 2655 1066 2753 Apostolum
1090 2656 1151 2737 hic
1183 2661 1356 2758 mysterium
1380 2654 1441 2732 sli-
1490 2658 1633 2748 mestum

96 2757 201 2856 quod
226 2774 420 2851 exponere.
472 2751 558 2831 Hoc
586 2756 636 2832 est
663 2763 967 2841 remarcunam,
994 2781 1073 2856 quae
1098 2782 1174 2836 non
1204 2757 1435 2858 cognoscitur
1460 2732 1580 2805 ‘'m'’

97 2856 164 2934 nist
179 2878 227 2932 ex
252 2854 469 2931 revelatione
480 2909 502 2957 ὴ,
540 2855 577 2929 ie
598 2859 719 2954 paucis
742 2856 922 2935 observata
943 2856 1026 2943 est,
1060 2860 1096 2935 &
1123 2874 1250 2955 praeter
1284 2856 1382 2953 spem
1402 2878 1446 2937 ec

95 2958 276 3056 judicium
299 2956 446 3031 rationis
461 2956 662 3057 contingit,
692 2957 793 3053 cujus
811 2957 968 3054 denique
992 2966 1067 3034 tota
1090 2962 1182 3035 ratio
1205 3013 1216 3042 ,
1257 2955 1445 3032 &modus
1473 3050 1476 3055 ¹

97 3055 538 3153 exsecutionis,magnam
557 3071 717 3151 partem,
754 3058 954 3135 inocculto
973 3057 1066 3136 latet.
1103 3056 1240 3136 Confer
1265 3081 1279 3132 1
1301 3064 1371 3130 Cor.
1388 3079 1443 3131 ιι.
1509 3062 1517 3077 “
1561 3130 1613 3185 ‚m

97 3176 139 3250 7.
154 3156 192 3230 δι
210 3176 267 3230 xv.
297 3176 339 3247 51.
380 3155 416 3230 δι
446 3153 514 3245 Epi.
538 3178 616 3230 ιιι.
635 3182 667 3251 3.
731 3154 781 3235 ll.
808 3153 1008 3233 Gentilium
1030 3154 1223 3243 intercise,
1251 3169 1290 3233 ut
1319 3154 1446 3254 myste·
1468 3137 1599 3272 m„

95 3260 196 3334 rium
217 3251 304 3328 illud
341 3255 531 3351 cognitum
568 3254 744 3341 habeant,
778 3278 824 3329 ne
856 3257 1040 3352 superbius
1061 3258 1108 3333 de
1136 3257 1170 3332 le
1194 3254 1295 3347 ipsis,
1332 3257 1369 3330 ἃ
1398 3253 1445 3328 se·
1467 3270 1591 3351 eonion

96 3358 208 3455 quius
225 3352 272 3428 de
291 3350 412 3430 tsrase
431 3352 613 3448 judicent:
640 3355 967 3451 ideoqueoperam
992 3356 1272 3432 nobiedandam
1292 3353 1383 3438 else,
1406 3366 1447 3428 ut
1468 3334 1634 3464 mm*

98 3459 233 3538 inea,
271 3474 352 3548 quae
377 3450 566 3548 Prophetae
590 3452 658 3529 hac
678 3456 723 3527 de
747 3476 785 3526 re
803 3454 980 3527 vaticinati
1004 3454 1103 3537 lunt,
1130 3455 1254 3530 sedulo
1277 3451 1447 3529 &oblen
1468 3476 1545 3533 roo.

94 3567 182 3633 vute
205 3553 435 3649 inquiramus
510 3547 586 3627 tlt
617 3551 831 3634 Sermonem
856 3550 916 3628 hic
936 3548 1005 3627 else
1036 3553 1082 3628 de
1110 3570 1219 3651 genre
1241 3551 1444 3636 israelitica,

96 3675 181 3731 non
216 3648 387 3747 figurate,
429 3646 488 3724 led
517 3653 663 3750 proprie
690 3648 738 3727 src
763 3650 881 3728 ditia:
919 3652 979 3730 cui
1004 3652 1077 3730 hoc
1108 3669 1273 3749 tempore
1299 3651 1449 3733 obvenit

95 3757 215 3838 „epm
233 3752 423 3834 obduratio,
452 3747 594 3844 stupor,
630 3750 759 3826 callus:
812 3751 857 3827 de
877 3752 1029 3850 quossis.
1056 3774 1090 3840 7.
1141 3748 1326 3846 Judicionr
1358 3747 1449 3825 istud

95 3849 177 3929 Dei
200 3851 237 3923 in
262 3846 422 3925 lsraelem
440 3849 581 3945 prolixe
600 3849 762 3945 praedixit
778 3846 990 3946 Jelaiascap.
1013 3875 1068 3926 vr.
1083 3875 1119 3943 9,
1140 3874 1194 3926 ιο.
1222 3850 1449 3928 collatocum

95 3953 174 4025 Aee.
194 3970 377 4024 xxxvrrr.
395 3961 452 4023 26.
484 3951 556 4040 ,Jefi
573 3972 682 4037 sarrs.
711 3971 766 4023 ro.
789 3947 834 4036 fici
845 3952 908 4048 seq.
969 3949 1179 4041 Horetum
1207 3950 1346 4027 videtur
1369 3971 1449 4048 pet·
1547 4041 1549 4046 Ι
1641 4044 1643 4049 Ι

97 4054 218 4125 tinere
238 4053 388 4142 tempesias
409 4051 460 4121 illo
479 4054 624 4133 Domini,
650 4050 846 4144 indignatio,
866 4060 1031 4131 immanens
1045 4052 1222 4145 tempestas,
1242 4053 1332 4145 snper
1354 4056 1449 4142 capite
1477 4082 1489 4107 s
1548 4079 1552 4087 ¹

97 4156 262 4240 impiorum
289 4168 447 4223 irroratum
463 4200 473 4230 ,
512 4149 655 4257 deflua
673 4155 785 4242 Jerenr.
804 4171 889 4224 xxx.
913 4171 971 4240 23.
1054 4149 1212 4227 Breviter
1231 4151 1308 4226 haec
1323 4148 1372 4225 est
1391 4146 1450 4225 ills

97 4245 231 4324 misera
258 4264 442 4323 ocraecatae
462 4249 580 4344 gentis
605 4246 764 4345 Judaicae
782 4248 969 4334 conditio,
995 4254 1076 4345 quae
1099 4250 1354 4346 Apostolorum
1370 4270 1450 4324 aevo

16 4414 17 4421 a
97 4347 282 4444 incipiens
311 4347 354 4423 ud
374 4345 593 4435 hodiernum
618 4349 727 4450 usque
756 4347 851 4424 diem
872 4349 1050 4444 perdurat.
1100 4347 1202 4437 vlll.
1230 4348 1451 4435 obduratio·
1473 4318 1636 4449 ms*

839 4444 1023 4527 Uuuue
1117 4546 1119 4549 ι
1367 4464 1462 4551 netu
