3792 4842
784 167 1304 268 numenio.
1405 206 1410 216 ·

318 340 505 453 peratoris
521 334 630 428 sunt,
658 339 784 420 aciem
800 336 1008 430 instruere,
1028 343 1074 422 ad
1088 340 1459 447 pugnamanimate,
1477 336 1708 442 vigilesubi-

319 469 400 549 que
424 443 562 525 oculos
577 439 819 520 circumferre
837 494 849 530 ,
869 443 1023 523 laudate
1042 439 1241 529 strenuos,
1256 446 1451 545 increpate
1475 436 1632 542 segnes,
1647 442 1708 519 lo·

320 569 373 625 co
403 568 452 622 uc
472 542 653 621 cedentes
668 541 885 645 promissis,
911 546 1051 632 minis,
1077 545 1281 645 exemplo,
1296 560 1504 625 revocarer
1528 538 1607 646 ipse
1617 564 1709 645 pra·
1813 571 1815 581 ·

320 567 421 726 {vili
446 643 654 729 omnibus,
681 646 720 721 dc
741 640 878 722 nihila
907 668 1113 746 quoquam
1146 645 1317 722 militum
1343 661 1502 721 tuorum
1530 638 1709 742 exegisti,

321 746 435 848 quod
455 769 539 823 non
565 740 643 845 ipse
663 740 900 847 praestiteris:
928 767 1065 844 gnarus
1077 748 1355 849 Imperatorem
1375 741 1711 831 commilitonem-

324 871 404 950 que
425 840 605 929 miscere,
630 846 858 947 incorrupto
871 845 976 924 ducis
991 843 1162 924 honore.
1190 848 1304 923 Tunc
1321 843 1380 920 Te
1402 845 1458 919 tui
1470 892 1482 933 ‚
1510 839 1577 919 nisr
1591 866 1711 943 quan·

323 966 412 1027 tum
429 945 638 1024 oculorum
660 948 784 1022 aciem
795 943 924 1022 fumus
936 942 1154 1035 hebetaret,
1209 966 1249 1022 er
1260 945 1356 1031 tela,
1382 966 1451 1045 per
1475 945 1584 1044 ignes
1598 965 1712 1020 ruen-

325 1066 411 1127 tem
422 1041 675 1147 conspcxeret
701 1068 746 1123 ac
766 1040 932 1123 distridlo
943 1044 1073 1145 gladio
1089 970 1260 1126 hostibus
1268 1044 1444 1124 medium
1464 1045 1605 1146 impios
1621 1067 1643 1119 a
1659 1041 1713 1119 la,

324 1164 408 1228 tere
423 1165 497 1225 tuo
513 1166 721 1223 mucrones
741 1162 991 1225 avertentem.
1046 1148 1232 1226 Ceterum
1263 1172 1309 1225 ea
1325 1141 1446 1223 rursus
1476 1143 1558 1221 dies
1575 1141 1713 1221 Divini

326 1250 370 1329 in
388 1247 448 1325 Tc
464 1240 605 1323 favoris
621 1242 762 1324 illustre
779 1246 893 1323 nobis
922 1245 1205 1326 documentum
1258 1244 1403 1325 rubuit.
1458 1244 1644 1323 Ceterum
1667 1264 1715 1320 ca

325 1343 453 1426 rursus
474 1344 554 1423 dies
562 1344 698 1425 Divini
713 1346 825 1424 inTe
847 1343 990 1425 favoris
1008 1344 1150 1425 illustre
1176 1271 1288 1426 nobis
1308 1346 1591 1445 documentum
1612 1366 1716 1446 *ptat-

328 1446 427 1529 buit.
477 1445 590 1523 Dum
619 1449 726 1525 enim
752 1466 826 1523 tuae
865 1447 1049 1549 prodigus
1074 1444 1199 1527 salutis
1217 1444 1350 1528 nostrae
1374 1443 1715 1541 solumattendist

328 1567 398 1627 aut
417 1545 465 1643 (st
489 1568 626 1624 vetum
646 1547 772 1625 dicere
790 1548 922 1626 liceat:
953 1548 993 1625 dt
1012 1549 1106 1649 quid
1130 1551 1170 1626 ni
1188 1549 1319 1627 liceret
1335 1546 1437 1651 apud
1482 1568 1574 1625 uem
1591 1542 1717 1645 hone·

330 1642 387 1727 sta
406 1648 525 1725 licent
539 1649 697 1727 omniai
723 1649 817 1726 dum
835 1644 1006 1729 nostram
1023 1648 1183 1729 salutem
1199 1651 1241 1728 in
1268 1670 1334 1727 tua
1360 1647 1441 1752 peri
1481 1647 1605 1733 tatis,
1643 1639 1720 1722 hev

281 1754 285 1757 “
331 1742 481 1829 stilibus
496 1746 690 1852 expositus
708 1752 933 1837 tormentis,
963 1773 1046 1828 non
1061 1770 1126 1829 tua
1142 1753 1202 1830 Te
1228 1749 1453 1854 prudentia,
1481 1768 1557 1846 qua
1569 1764 1719 1840 cetero·

319 1882 322 1885 ·
367 1844 412 1925 ui'
429 1847 548 1926 Fabiis
571 1872 617 1926 ac·
625 1849 868 1952 Scipionibus
885 1852 1171 1953 aequiparandus
1190 1876 1251 1936 ese
1277 1848 1360 1939 sed,
1387 1867 1431 1925 ut
1446 1848 1510 1924 alii
1525 1846 1719 1933 dicerent,

381 1967 513 2032 rtunat
539 1951 626 2035 vel,
646 1949 754 2049 quod
779 1972 856 2126 epo
876 1947 1036 2028 sanutus
1055 1953 1131 2029 dici
1159 1952 1351 2038 arbitror,
1379 1944 1457 2051 ipfi
1482 1945 1561 2023 Dei
1578 1964 1719 2059 manus

335 2050 437 2132 inter
457 2046 588 2149 pedm
612 2068 723 2125 tuum
739 2075 797 2127 ac1
821 2052 966 2130 etalem
982 2051 1147 2152 globum
1171 2051 1322 2137 media,
1353 2050 1542 2148 illumque
1562 2069 1644 2124 non
1661 2067 1720 2128 nu

338 2150 427 2233 fiin
446 2148 663 2245 clamydem
678 2167 810 2239 tuam,
830 2153 869 2228 ὅ(
891 2171 1060 2231 extrema
1078 2177 1128 2231 co
1174 2155 1252 2230 oris
1274 2153 1350 2230 levi
1379 2145 1604 2225 contusione
1630 2165 1720 2248 pcc·
1791 2167 1798 2189 ⁴

274 2296 291 2311 ·-
339 2270 428 2328 cate
448 2246 569 2351 palla,
596 2248 800 2367 Tefladi,
824 2250 1045 2328 non-ludicri
1067 2250 1133 2330 sub
1161 2254 1259 2330 uxit:
1287 2250 1314 2329 st
1335 2243 1421 2352 post
1440 2267 1547 2324 tuam
1568 2246 1721 2325 cladem

340 2347 557 2429 adludunt
579 2344 834 2450 superstitibus
860 2352 974 2429 uobis
999 2353 1169 2431 licuisset.
1221 2352 1312 2429 Vita
1339 2368 1440 2427 certe
1459 2344 1586 2426 nostra
1608 2366 1724 2424 tuam

339 2451 520 2567 cupimus
537 2449 774 2536 redemtam,
805 2448 916 2536 &,s1
941 2451 1024 2529 fieti
1043 2453 1185 2552 posset,
1218 2453 1267 2530 de
1293 2444 1428 2529 nostris
1448 2450 1556 2528 annis
1590 2450 1719 2532 demi,

336 2628 339 2635 ,
374 2574 413 2625 ιιι
433 2547 617 2627 addantur
638 2551 726 2629 tuis.
788 2551 887 2657 Qis
917 2555 1022 2631 enim
1038 2554 1180 2649 Batavo
1213 2550 1393 2651 sanguine
1413 2569 1538 2627 cretus
1556 2573 1640 2628 non
1666 2570 1724 2624 at·

341 2576 565 2730 beatissimo
584 2670 676 2725 eum
697 2653 909 2753 principem
929 2650 1068 2730 affediu
1084 2653 1354 2754 prosequatur,
1378 2670 1521 2747 quem,
1538 2652 1580 2729 in
1598 2670 1723 2726 unum

266 2758 292 2831 “.
346 2748 497 2829 collatis
514 2750 629 2828 bonis
648 2751 852 2838 omnibus,
873 2756 1021 2850 generis
1038 2744 1197 2828 humani
1214 2750 1366 2827 delicias
1384 2748 1618 2829 fecitDcus?
1650 2750 1722 2851 qui
1755 2766 1759 2773 ·

330 2908 334 2919 .
374 2850 579 2952 raeipitato
596 2852 637 2926 in
681 2847 913 2937 rofundum,
932 2875 977 2927 ac
993 2846 1168 2928 demerso
1187 2847 1420 2929 intenebrat
1435 2849 1522 2929 orbi
1549 2851 1655 2927 velut
1670 2845 1725 2925 sa·

345 2875 468 3032 lutare
484 2947 584 3026 fidus
605 2974 626 3026 a
669 2948 763 3026 usit?
790 2954 858 3049 qui
871 2950 1040 3051 denique
1051 2975 1098 3027 ex
1117 2948 1228 3029 busto
1247 2948 1365 3028 fundli
1393 2954 1507 3052 patris
1527 2949 1729 3029 Divinitur
1805 3044 1809 3047 Α

348 3054 390 3132 in
404 3047 535 3126 lucem
550 3048 698 3136 editus,
717 3075 800 3129 non
817 3048 884 3127 nist
906 3051 1034 3128 Patriae
1048 3050 1154 3129 saluti
1170 3070 1279 3130 natus
1294 3049 1368 3130 else
1379 3050 1550 3139 videtur,
1568 3072 1658 3130 vere
1669 3049 1724 3126 sei

349 3150 428 3230 culi
446 3144 565 3228 nostri
575 3146 749 3229 Plroenix.
801 3150 938 3254 Qum
959 3151 1204 3240 conculcata,
1231 3148 1365 3231 afflidla
1385 3155 1635 3254 proximaque
1647 3150 1724 3227 exi·

350 3253 410 3331 tio
430 3245 499 3327 suo
517 3250 669 3351 Belgica
686 3250 797 3335 esset,
823 3270 916 3328 runc
934 3253 998 3328 Tu
1017 3255 1053 3326 ei
1080 3251 1323 3356 Opitulator,
1350 3251 1573 3339 Liberator,
1600 3251 1725 3328 malo-

350 3372 517 3451 rumque
545 3347 736 3453 Depulsot
769 3352 922 3429 coelitus
948 3348 1129 3451 obtigisti.
1180 3350 1368 3454 Confugit
1389 3356 1432 3430 in
1461 3352 1585 3432 finum
1611 3370 1726 3451 tuum

351 3448 532 3531 coucuffa
549 3449 801 3552 Respublica,
820 3447 1009 3551 nusquam
1029 3455 1164 3531 certius
1180 3455 1381 3533 inventura
1398 3449 1554 3551 asylum.
1579 3453 1724 3553 Britan-

353 3554 418 3630 nia
435 3570 594 3656 quoquc
610 3569 673 3627 tua
691 3553 814 3653 pravis
841 3573 978 3652 regum
1008 3552 1175 3634 confiliis
1200 3578 1300 3657 pene
1328 3554 1583 3655 peliumdata,
1614 3574 1725 3630 com·

351 3650 516 3756 pedibus
538 3650 686 3727 dudum
702 3672 748 3727 ac
765 3654 943 3730 numellis
960 3651 1034 3732 suis
1050 3653 1401 3756 implicidafirillet,
1426 3655 1549 3759 praeda
1560 3653 1726 3749 tyranni·
1804 3658 1814 3671 ²

354 3750 397 3826 di
412 3749 480 3837 nist
513 3752 575 3829 Tu
606 3749 793 3928 supplicet
819 3754 991 3833 tendenti
1020 3755 1163 3856 palmal
1193 3755 1392 3833 auxiliator
1415 3756 1645 3835 accurrilies:
1672 3768 1726 3830 eo

357 3852 516 3937 animo,
535 3874 579 3929 ea
598 3873 666 3953 pru
694 3853 795 3931 entia
813 3876 859 3931 ac
880 3849 1113 3942 constantia,
1132 3881 1184 3936 eo
1203 3852 1386 3939 succeilu,
1405 3881 1489 3958 quae
1517 3858 1730 3957 loquentur

349 3951 538 4035 ‘annalem
565 3947 751 4054 stupebit.
775 3972 814 4035 at
828 3956 892 4032 vix
908 3955 1040 4034 credet
1055 3952 1261 4057 posteritas.
1312 3955 1386 4034 Ibit
1400 3961 1441 4036 in
1465 3957 1590 4035 secula
1614 3978 1729 4056 eape-

253 4084 259 4095 ·
350 4046 457 4129 'ditio
475 4051 539 4131 illa
555 4069 641 4136 tua,
669 4076 753 4155 quae
771 4054 870 4133 inter
887 4073 949 4132 tot
971 4058 1104 4155 vigiles
1123 4056 1322 4158 Argotum
1351 4060 1489 4136 oculos
1515 4055 1731 4136 incredibili

359 4145 494 4233 strud'ta
510 4150 760 4233 confiliorum
775 4149 948 4241 secreto,
973 4180 1018 4232 ac
1030 4156 1238 4237 deficientis
1256 4161 1346 4237 anni
1366 4155 1530 4259 hyeme,
1547 4161 1649 4237 inter
1666 4172 1728 4233 tot

357 4250 569 4358 procellosi
583 4257 719 4333 oceani
732 4254 932 4375 tremenda
945 4252 1190 4349 diseriruina,
1210 4261 1389 4342 maximo
1401 4256 1568 4365 suscepta
1577 4259 1728 4442 utputo,

473 4376 477 4383 .
940 4396 946 4409 ,
1655 4376 1733 4457 egl·
