3792 4842
1617 1820 2113 1937 Allocutio
2248 1817 2626 1931 Irenica.

2012 2095 2224 2180 AD

753 2340 1109 2423 th'mnm
1166 2320 1610 2421 Revermos„
1658 2331 2062 2432 ‚aarzffimos
2079 2384 2104 2421 ‚
2161 2333 2614 2417 celeberrimos
2645 2384 2669 2424 ,
2745 2341 2821 2413 S.
2875 2341 2947 2413 S·
2994 2282 3336 2436 nedogiat
3364 2330 3380 2341 ’
3412 2341 3486 2414 in

975 2443 1334 2520 Academiis
1363 2439 1677 2519 foederati
1703 2438 1912 2534 Belgii
1944 2436 2318 2532 Proftffbres
2340 2483 2363 2520 ‚
2413 2444 2501 2514 (θ’
2535 2436 2941 2530 Ecclesium
2973 2436 3483 2532 Refhmatarm

923 2533 936 2568 '
977 2539 1266 2626 Pfflores
1284 2584 1310 2623 ‚
1359 2541 1545 2616 fidei
1566 2535 1762 2629 semel
1791 2537 2028 2613 SaenHis
2057 2542 2305 2613 tradita
2330 2542 2521 2614 fidos
2558 2537 2916 2627 Anttstites.
3075 2605 3078 2607 ,

1106 2733 1184 2816 A
1231 2757 1438 2813 nunc
1473 2732 1801 2815 vivimus
1833 2750 2188 2835 tempora
2207 2783 2232 2819 ‚
2335 2734 2613 2834 quibus
2652 2729 2787 2808 sub
2840 2728 3211 2807 librorum
3262 2732 3483 2812 mole

684 2913 689 2920 ,
1151 2831 1415 2912 fatiscit
1463 2830 2039 2934 propemodum
2094 2832 2302 2911 orbis
2325 2883 2347 2918 ‚
2399 2850 2603 2909 certe
2634 2826 3056 2929 ingemiscit
3103 2829 3474 2910 Ecclefia:

1155 2936 1282 3009 cui
1313 2953 1710 3028 nunquam
1726 2931 2002 3031 melius
2019 2927 2185 3016 fuit,
2205 2944 2441 3029 ¹quam
2459 2928 2772 3029 quando
2793 2926 2931 3006 suo
2975 2925 3049 3005 se
3070 2931 3480 3008 involvens

1158 3029 1517 3134 credendi·
1555 3029 2016 3127 amandique
2068 3024 2307 3108 sancta
2344 3029 2812 3131 fimplicirate
2838 3076 2868 3111 ‚
2925 3029 3195 3129 procul
3251 3031 3479 3108 omni

1155 3128 1571 3228 vitiligandi
1608 3131 2058 3230 prurigine,
2143 3132 2240 3206 ab
2317 3131 2538 3206 unius
2592 3126 2921 3204 Domini
2988 3152 3127 3204 ote
3180 3207 3192 3213 ,
3251 3127 3481 3207 ende-

1152 3229 1281 3305 bat
1303 3281 1325 3314 ‚
1361 3224 1791 3326 castamque
1810 3231 2206 3306 veritatem
2239 3253 2331 3306 ex
2372 3228 2517 3304 illis
2572 3223 2822 3305 solum
2861 3223 3141 3329 scriptis
3286 3230 3489 3323 urie<

753 3329 923 3416 bat,
959 3351 1127 3427 quae
1163 3331 1241 3405 ὅ(
1282 3325 1669 3405 Davidem
1718 3321 2252 3428 sapientiorem
2302 3325 2549 3404 fecere
2611 3328 2975 3405 omnibus
3027 3325 3477 3405 doCtoribus

749 3425 897 3505 suis
919 3479 941 3513 ,
975 3434 1052 3508 ὅ(
1073 3425 1667 3505 hominem'Dei
1713 3421 2131 3526 perfectum
2177 3426 2491 3509 reddere
2530 3425 2877 3529 potsunt,
2928 3424 3022 3502 ad
3064 3446 3305 3512 omne
3339 3426 3482 3505 bo-

749 3550 942 3605 num
986 3551 1183 3630 opus
1219 3524 1546 3626 perfecte
1571 3519 2043 3604 instructum.
2094 3526 2240 3603 Sed
2269 3530 2347 3604 ὅ(
2384 3548 2473 3602 ea
2502 3547 2710 3603 nunc
2732 3545 3083 3628 tempora
3118 3529 3477 3610 vivimus,

749 3625 1030 3725 quibus
1059 3625 1595 3702 difficillimum
1643 3620 1752 3701 est
1794 3622 2190 3726 scribendo
2228 3627 2546 3722 placere.
2649 3625 2895 3702 Tanta
2949 3626 3157 3701 enim
3190 3625 3479 3722 ubique

751 3725 877 3802 vel
913 3749 1086 3803 vera
1115 3722 1474 3802 doctrinae
1509 3723 1845 3808 ubertas,
1885 3724 2011 3799 vel
2058 3722 2377 3802 scientiae
2423 3746 2616 3804 vana
2659 3726 2933 3828 opinio
2964 3773 2989 3809 ,
3040 3742 3199 3801 tam
3247 3723 3475 3824 perti-

693 3862 700 3870 -
747 3845 896 3898 nax
927 3820 1160 3902 semel
1195 3840 1656 3921 arreptarum
1683 3819 2078 3907 ὑποθέσεων
2110 3827 2436 3901 retentio
2464 3873 2487 3908 ‚
2551 3841 2709 3903 tam
2745 3846 2914 3900 acre
2967 3824 3291 3922 partium
3324 3814 3476 3895 stu·-

592 3934 620 3952 ·
750 3919 965 3994 dium
995 3970 1016 4005 ,
1056 3941 1216 4001 tam
1250 3921 1680 4019 malignum
1729 3922 1818 3998 de
1858 3921 2196 4000 'aliorum
2228 3921 2650 4000 Laboribus
2678 3920 3088 4014 judicium,
3149 3915 3296 3997 sese
3346 3918 3476 4011 vel

745 4016 999 4094 invitis
1037 4019 1433 4098 bonorum
1469 4021 1713 4097 oculis
1758 4021 2174 4119 ingerunt‚‘
2199 4041 2286 4098 ut
2375 4022 2454 4096 ui
2506 4016 2600 4096 se·
2636 4018 3286 4108 commentando,
3341 4035 3477 4096 aut
3512 4072 3522 4079 -

746 4111 1084 4192 delicatis
1111 4112 1264 4195 istis
1284 4169 1307 4205 ‚
1337 4139 1467 4196 aut
1495 4121 1683 4220 parti
1719 4141 1884 4196 non
1922 4122 2057 4198 uni
2084 4119 2289 4198 bona
2377 4118 2470 4196 de
2520 4117 2827 4205 addistis
2854 4171 2876 4206 ,
2933 4116 3474 4197 satisfauumm

745 4231 1132 4299 autumat,
1169 4217 1250 4293 ὅ(
1288 4220 1605 4315 ingenio
1647 4214 1785 4294 suo
1835 4221 2164 4295 nimium
2192 4222 2519 4297 tribuere
2543 4268 2566 4303 ,
2622 4220 2700 4295 δε
2728 4221 3049 4318 genium
3087 4214 3319 4296 seculi
3359 4220 3472 4316 ig-

738 4320 1014 4394 norate
1046 4314 1409 4401 videatur.
1513 4318 1880 4425 Qorum
1907 4318 2230 4430 alterum
2263 4338 2509 4429 quum
2542 4342 2587 4399 a
2617 4322 2999 4403 tenuitatis
3039 4342 3233 4402 meae
3284 4329 3472 4394 eon-

3240 4410 3478 4497 scien·
3593 4485 3599 4490 ,
