3792 4842
660 247 817 327 Atiam
839 254 994 326 Irener'ca.

107 387 211 479 euius
228 384 528 472 dictaraomnia
543 406 588 473 ut
603 391 772 476 eoelestia
794 395 950 477 oracula
978 394 1060 473 cxci
1089 393 1163 482 iar,
1190 418 1235 477 ae
1261 415 1434 482 tutatum
1462 402 1504 479 in

116 514 194 595 quo
214 488 370 571 scilicet
385 514 537 574 renatus
556 498 671 574 nobis
686 495 730 577 stt
749 499 767 582 i
786 533 842 596 της
854 490 1026 595 sananim
1066 492 1277 602 Mada&
1292 502 1360 583 aas
1371 498 1504 617 φωςῆς,

119 594 175 673 uti
190 590 383 672 Basilicam
404 594 643 675 celebrabant
658 596 839 677 Veteres:
866 599 905 675 dr
921 622 996 701 prae
1010 599 1117 693 cujus
1137 602 1343 697 granditate
1355 621 1504 677 ceteros

1 709 2 712 ‘
126 716 259 771 omnes
275 713 323 771 ut
333 693 514 797 pusiones
523 721 568 775 ac
584 720 707 777 nanos
728 697 917 786 exsibilet,
946 695 1050 799 quast
1066 699 1121 778 nil
1140 699 1257 779 effenr
1273 698 1340 776 nisi
1357 701 1504 795 imant.

129 799 215 888 ἶπες
236 789 383 908 ἄφρονες
401 799 537 895 νεηνίεω,
562 807 646 877 Grau
660 800 817 900 pastorum
832 800 1000 900 vesticeps,
1021 805 1134 876 mentis
1154 809 1274 878 minor:
1289 805 1358 899 qui
1372 819 1505 879 tamen

136 892 371 999 ipsefortass‘e
388 895 615 1001 protestatus
634 896 702 984 sit,
731 903 808 979 nob
830 900 868 993 se
894 928 980 979 novae
1006 907 1040 977 in
1069 900 1259 1000 lieniogia,
1286 908 1331 978 o*
1351 903 1396 995 sic
1417 905 1506 994 seria

139 1001 253 1076 turbor
272 1003 318 1076 (a
339 997 446 1099 &apat
466 1000 590 1077 baberi,
615 1000 749 1077 Nemo
766 1017 901 1078 contra
926 999 1095 1076 eundem
1114 1001 1167 1075 ita
1183 996 1391 1084 aversetur,
1412 1024 1505 1100 qua·
1579 1042 1588 1055 ·

19 1130 20 1143 ³
146 1093 266 1174 linilril
284 1097 332 1174 ab
355 1093 438 1201 ipso
454 1101 536 1183 veri
554 1099 720 1185 &boni,
741 1101 780 1177 dt
797 1099 1421 1203 adintelligentiamScripturaruns
1434 1102 1505 1176 uri·

142 1196 378 1299 ieproficisci
393 1220 527 1301 queat:
555 1203 703 1279 nemini
724 1202 832 1278 enim
856 1198 965 1305 pium
997 1202 1172 1278 animum
1195 1199 1292 1277 indit
1307 1198 1437 1285 Deus,
1461 1217 1505 1275 ut
1558 1200 1564 1207 '
1590 1202 1597 1213 '

142 1296 336 1400 Scripturas
353 1301 560 1379 meditetur
575 1301 638 1379 die
653 1325 699 1381 ac
723 1300 863 1386 noete,
890 1301 987 1404 quin
1003 1297 1119 1377 simul
1132 1302 1173 1377 in
1190 1296 1295 1376 eastae
1318 1302 1504 1401 sapientiae
1617 1328 1623 1341 ·

102 1438 111 1453 ·
143 1392 209 1474 suae
226 1394 414 1479 thesauros
439 1404 591 1504 aperiat.
613 1403 727 1481 Bona
750 1401 866 1481 Patris
896 1396 1016 1481 nostri
1047 1396 1208 1481 coelestis
1241 1402 1282 1478 in
1307 1403 1506 1501 quibusvis

17 1558 18 1563 Ν
145 1494 383 1586 aestimemus,
401 1501 669 1605 praedicemuss
695 1525 743 1581 ea
759 1500 928 1580 Ecclesia
946 1502 1199 1601 gratulemur,
1228 1504 1265 1579 dt
1281 1505 1321 1579 in
1331 1498 1506 1579 nostrum
1616 1518 1640 1541 ⁴

145 1595 268 1697 finguli
284 1596 393 1679 usum
414 1623 696 1681 convertamus.
723 1605 905 1688 Nemini,
931 1604 998 1707 qui
1017 1600 1275 1681 orthodoxam
1286 1605 1407 1678 animi
1425 1598 1507 1678 sen·

144 1701 292 1777 tentiam
307 1696 448 1779 disertis
491 1700 596 1782 assim
614 1704 737 1782 verbis
759 1706 938 1809 exponit,
959 1703 1114 1805 piaculo
1133 1706 1326 1805 inputetur
1343 1702 1408 1779 vel
1425 1723 1506 1778 ver-

146 1798 231 1875 bum
244 1802 422 1879 incomm
478 1806 558 1889 ius,
586 1806 647 1882 vel
667 1805 817 1885 locutio
834 1804 986 1887 durior,
1007 1826 1091 1903 quae
1116 1803 1218 1880 aliud
1251 1805 1378 1902 agenti
1405 1802 1504 1879 exci-

148 1898 225 1976 dere
246 1928 305 1979 non
324 1904 430 1980 enim
452 1912 486 1982 in
500 1905 627 2008 ballabit
643 1910 908 1992 uenenumlatet:
933 1906 1005 1989 όυκ
1017 1906 1046 1987 ἐν
1060 1897 1153 2006 ἤχῳ,
1170 1897 1359 1999 adunardi
1376 1905 1407 1988 ἓν
1424 1901 1505 1984 dior-
1558 1964 1562 1973 «

144 1997 210 2111 ta'rqt
226 2009 336 2086 κεῖται
358 2005 378 2100 ἡ
393 2004 567 2100 iussisse,
583 2034 642 2087 noar
653 2014 686 2085 in
691 2009 765 2101 sono
770 2010 828 2100 fed
842 2013 878 2083 in
886 2029 987 2084 mente
989 2007 1053 2100 fita
1064 2008 1107 2095 est
1125 2013 1260 2083 vmtas.
1274 2005 1337 2087 ‘da
1347 2006 1376 2085 ἐν
1386 1999 1505 2114 lus?

161 2094 185 2128 '¹
260 2105 377 2187 ‚aiax
391 2106 422 2189 ἓν
437 2101 579 2203 δυνάμει
596 2112 658 2192 τᾶν
675 2100 925 2206 cumaculam
944 2098 984 2189 τῖ
1000 2101 1152 2196 ὶυσεέἒς»
1174 2134 1232 2185 non
1250 2114 1283 2182 in
1299 2112 1503 2187 timtituaris,

142 2202 370 2291 seinuirtute
397 2235 505 2285 rerum
519 2210 760 2310 sparistarum
785 2211 827 2296 est
843 2215 962 2309 pietas.
1019 2204 1063 2283 Id
1089 2224 1219 2283 tamen
1247 2226 1408 2305 operam
1439 2203 1505 2278 de-

132 2321 221 2377 ·mus
245 2322 288 2379 ut
303 2328 444 2384 omnes
461 2306 666 2410 loquamur
689 2312 808 2407 quam
831 2300 1121 2403 accuratissime,
1158 2327 1301 2404 eaque,
1338 2328 1423 2404 quae
1441 2303 1505 2385 vel

148 2400 189 2475 ab
206 2404 359 2492 amicis,
385 2402 451 2485 vel
470 2407 518 2485 ab
533 2408 618 2512 ipsis
638 2411 751 2487 nobis
766 2408 1046 2511 imprudentius
1067 2404 1165 2484 dista
1183 2404 1288 2490 sunt,
1309 2404 1405 2481 nulli
1422 2422 1509 2481 ruer

149 2522 270 2588 amur,
288 2504 428 2584 abillis
452 2509 595 2611 culpari
618 2533 714 2611 aegre
730 2533 781 2589 ne
799 2507 986 2593 sesamum
1012 2506 1076 2587 sed
1095 2509 1225 2610 potius
1251 2500 1427 2591 suadente
1448 2506 1506 2582 in·

148 2605 353 2699 genuitate,
369 2604 525 2699 jubente
541 2611 722 2693 veritate,
738 2631 897 2710 urgente
911 2612 1087 2692 caritate,
1104 2605 1418 2710 applaudentibus
1435 2603 1507 2683 bo-

151 2703 198 2777 nis
212 2706 414 2793 omnibus,
437 2710 660 2793 mittamus,
678 2708 926 2794 inducamus,
947 2712 1200 2810 corrigamus:
1219 2705 1326 2807 quod
1343 2707 1505 2791 &olim
1575 2780 1581 2795 ,

152 2799 265 2880 &hae
279 2802 408 2885 nostra
422 2827 528 2887 aetate
543 2811 673 2909 magni
695 2812 787 2895 uiri,
817 2834 899 2888 non
919 2806 998 2885 fine
1012 2808 1178 2885 maxima
1194 2804 1255 2883 sua
1291 2805 1423 2892 laude,
1452 2802 1506 2882 fe·

70 2900 74 2915 '
149 2922 280 2981 cerunt.
360 2907 710 3012 Nemini‘repente
726 2906 918 2996 Fratrum,
940 2929 1096 3011 propter
1111 2908 1173 2993 id,
1213 2905 1322 3007 quod
1349 2929 1395 2993 ert
1425 2929 1506 2981 ver·
1611 2956 1616 2965 ·

151 2998 200 3079 bis
217 3002 326 3107 ipsius
348 3002 457 3108 sequi
474 3008 663 3096 creditur,
685 3004 767 3112 ipso
794 3034 920 3109 neque
941 3006 1135 3109 sequelam
1166 3006 1275 3084 istam
1304 3005 1507 3083 admitten-

147 3124 202 3189 te,
218 3109 255 3185 ὅ(
275 3106 338 3192 id,
356 3107 465 3207 quod
474 3104 639 3210 sequitur
647 3104 853 3189 detestante
865 3162 876 3194 ,
887 3129 994 3186 atrox
1003 3107 1167 3187 lterefios
1180 3103 1313 3203 stigma
1325 3110 1506 3184 inuratur.

147 3205 264 3284 Solida
291 3210 466 3284 virorum
498 3208 697 3299 eruditio,
747 3213 788 3289 de
833 3233 962 3291 nautes
996 3208 1042 3286 ad
1085 3205 1336 3287 Christianam
1378 3202 1509 3283 saneti·

148 3323 256 3385 tatem
301 3308 543 3409 composti,
586 3311 624 3387 ὅ(
661 3309 840 3395 acifieuut
873 3313 915 3387 ln
943 3312 1097 3391 eniunr,
1128 3309 1166 3385 δι
1213 3305 1332 3383 officii
1382 3300 1509 3383 sedula

149 3406 297 3507 quidem
318 3403 383 3484 sed
408 3406 487 3486 fine
516 3334 815 3489 tumustuauone
839 3434 883 3487 ac
914 3331 1231 3511 {repituobitim
1264 3407 1349 3507 plus
1379 3407 1422 3483 iis
1452 3402 1504 3480 fa·

148 3509 243 3589 voris
267 3506 514 3596 concilient,
530 3532 649 3611 quarn
672 3510 864 3591 bullientis
896 3511 971 3586 zeli
999 3507 1294 3585 inconsideratus
1318 3502 1411 3607 saepe
1437 3502 1509 3619 ser-

148 3627 233 3694 vot,
258 3610 297 3687 dt
318 3606 444 3706 supi,
472 3629 513 3686 ut
528 3612 723 3688 Homerus
740 3613 815 3696 ait,
839 3609 1030 3701 έπταβαείκ
1056 3608 1251 3708 animique
1288 3602 1509 3683 ferocientis

148 3707 185 3785 iu
201 3731 343 3811 pugnas
359 3710 524 3823 impetus
537 3708 913 3811 ,quibusquiequid
933 3711 1009 3791 Dei
1028 3708 1147 3787 cautla
1184 3727 1400 3790 raerexarut,
1422 3726 1509 3805 pro·
1599 3748 1604 3755 -

147 3810 222 3982 pria
239 3809 467 3910 plerumque
484 3809 605 3911 gloria
628 3814 805 3911 quaeritut
826 3831 939 3926 atque
957 3812 1107 3897 utilitas.
1159 3734 1329 3885 {iberus
1340 3808 1454 3880 eriam
1472 3829 1511 3881 a·

161 3908 409 4007 ‘quaemdiris
437 3914 695 4012 pertraittatur,
724 3914 765 3989 in
794 3910 1046 4011 explicatione
1074 3911 1255 3986 locorum
1292 3906 1510 4007 Scriptura,

149 4006 190 4082 in
204 4004 338 4087 selectu
353 4032 671 4111 argumentorum
688 4034 759 4110 pro
777 4013 981 4088 communi
1002 4012 1186 4090 veritate,
1206 4006 1247 4082 in
1277 3999 1344 4080 usu
1376 4002 1512 4107 phrasa-

150 4127 216 4181 um
236 4132 276 4187 ac
290 4115 574 4199 terminorum,
598 4112 640 4189 in
660 4111 980 4203 determinatione
997 4104 1275 4210 quaestionum,
1310 4128 1403 4206 quas
1423 4128 1513 4206 pro·
1648 4170 1652 4179 .

151 4204 514 4309 blematicasvocare
531 4212 720 4301 solemus,
749 4211 981 4306 (nonenim
1001 4214 1042 4287 in
1067 4202 1138 4285 hac
1160 4205 1351 4281 mentium
1378 4200 1523 4279 huma.
1578 4232 1595 4263 ι»

155 4308 823 4418 uarumcalig'ineexspeeiandumest,
845 4308 888 4386 ut'
909 4330 1049 4389 omnes
1076 4305 1315 4386 inomnibus
1341 4302 1445 4380 idem
1456 4303 1515 4378 lo·

255 4418 492 4510 oremfad„
750 4504 753 4511 p
829 4405 981 4511 ΜΟ(
1369 4409 1516 4502 lquan⁴
