3792 4842
433 211 509 293 Du
553 211 716 295 Bonas
763 206 915 297 Tas'r.
959 214 1116 297 Novr.
1279 202 1285 213 ’
1370 240 1455 317 709

89 408 158 488 pua
177 380 334 485 Judaicae
354 385 508 461 nationis
527 384 565 462 in
589 352 833 463 obduratione
863 384 921 463 sua
946 386 1238 485 permansurum
1275 342 1456 488 pauculos¹
1598 406 1602 415 ’

89 511 135 565 ex
162 512 203 564 ea
228 484 443 571 servandos,
471 488 535 586 qui
561 486 758 586 gentilibus
781 484 893 583 juniii
914 487 1107 585 myliicom
1126 490 1387 569 constituerent
1405 488 1453 568 ls-
1611 494 1613 501 '

87 587 248 671 melem,
286 599 384 663 totus
407 584 471 661 iste
492 585 610 664 sermo
632 588 747 685 magia
772 586 817 663 ad
846 588 1206 667 commendationem
1231 591 1448 691 gentilium,

87 710 196 788 quam
215 684 447 765 israelitarum
475 703 703 784 comparatus
728 686 842 763 foret:
889 689 927 762 dr
955 690 1116 766 animum
1146 695 1268 784 potius
1300 691 1451 769 adderet

85 790 304 887 gentilibus,
332 809 442 886 quant
460 799 502 863 ut
516 808 643 877 eorum
666 786 791 863 fastum
815 785 1048 884 deprimeret.
1102 787 1165 867 lV.
1193 791 1293 869 Sicut
1311 790 1447 878 intelli·

85 891 205 989 ganda
226 890 274 966 est
296 886 427 964 {sraelis
450 884 584 962 offensa
616 886 653 963 de
676 886 872 963 diminutio
904 887 954 969 is.
981 911 1035 967 12.
1062 889 1099 965 de
1121 893 1271 987 abieliio
1302 893 1351 975 tl.
1386 914 1443 986 15.

84 994 131 1066 itu
155 993 269 1065 etiam·
284 986 587 1086 intelligendaest
609 989 686 1091 eius
704 983 871 1065 allumtio
900 989 938 1062 dr
961 987 1110 1069 servatio
1133 1044 1144 1077 ,
1173 1010 1323 1091 oportet
1344 995 1445 1071 enim

82 1089 210 1188 justam
231 1090 292 1166 hic
308 1084 377 1165 elle
454 1083 680 1185 pofitionenr.
703 1178 708 1191 Ι
732 1088 842 1186 Atqui
864 1086 1041 1176 offendo,
1068 1091 1320 1170 diminutio&
1343 1093 1440 1168 ab‘e·

84 1191 156 1279 liin
188 1188 317 1267 llradlia
342 1108 453 1265 iurgii·
504 1185 575 1263 oda
599 1186 650 1299 est
674 1183 722 1263 de
758 1185 930 1288 pleraque
952 1187 1184 1269 multitudine
1204 1193 1358 1271 natiooit
1376 1116 1442 1292 iu·

82 1290 203 1368 daicae.
258 1287 352 1377 Ergo
374 1289 409 1363 de
428 1311 447 1362 a
479 1288 595 1364 umtio
611 1310 654 1364 ac
673 1286 822 1363 servatio
838 1284 981 1365 liradlia

112 1386 271 1469 'XXlll
298 1387 405 1465 Unde
418 1387 554 1485 liquet,
578 1400 692 1486 nugat
710 1409 816 1485 agere
836 1384 950 1466 Gno
964 1412 989 1465 τ
1004 1413 1019 1465 1
1036 1408 1122 1475 uu,
1142 1412 1257 1490 quum
1279 1388 1437 1490 prophe·
1479 1394 1627 1488 Qum

81 1492 169 1568 tiam
202 1491 295 1566 hanc
326 1488 514 1586 impletam
552 1484 621 1564 elle
644 1485 858 1589 contendit,
893 1512 970 1587 quo
996 1506 1162 1585 tempore
1184 1489 1435 1574 Romanorum
1459 1468 1631 1596 welf?

80 1592 180 1669 idola
200 1614 242 1667 ac
266 1587 363 1688 srgna
401 1587 563 1664 militaria
586 1594 623 1663 in
653 1586 847 1684 conspeetu
875 1589 1003 1686 templi
1030 1589 1255 1668 videbantur.
1325 1589 1435 1688 Tunc
1458 1622 1502 1693 en
1518 1604 1615 1693 <stro

81 1695 180 1767 enim
199 1690 334 1766 multos
360 1685 666 1769 Christianismum
682 1687 870 1786 amplexos
889 1686 993 1766 fimul
1011 1712 1096 1767 curn
1111 1708 1193 1767 ante
1214 1689 1310 1768 fadis
1330 1690 1434 1771 Chri·
1458 1678 1546 1802 “ms“
1564 1681 1627 1735 Μ’·

79 1790 198 1868 stianis
230 1803 421 1886 exemptor
444 1784 514 1863 effe
549 1786 719 1864 secuturis
749 1788 860 1864 malla.
937 1788 1009 1868 Cui
1030 1786 1212 1868 accesserit
1235 1792 1435 1869 multorum
1457 1745 1586 1825 ”W

78 1887 291 1987 Judaeotum
315 1885 524 1975 conaerlio,
558 1887 674 1964 excisa
697 1887 786 1964 urbe
814 1909 856 1963 ac
877 1889 1041 1988 templo,
1087 1913 1202 1992 quum
1225 1894 1297 1987 jam
1317 1892 1434 1969 multo
1582 1908 1591 1924 “

79 1991 207 2068 clarius
227 1992 353 2068 veritas
377 1990 629 2066 vaticiniorum
646 1987 777 2066 Christi
793 2005 1002 2090 appareret,
1030 1988 1203 2068 servitutis
1225 1995 1333 2068 etiam
1355 2014 1436 2088 per-

77 2090 208 2168 sonalis
231 2115 324 2169 onus
357 2090 558 2167 multorom
578 2085 735 2188 itegiffet
754 2088 958 2175 feroclanu,
985 2086 1203 2185 Vespaliano
1225 2115 1266 2167 ac
1291 2089 1380 2167 Tito
1397 2088 1437 2168 id

76 2214 155 2279 non
179 2190 470 2288 impedientibus.
523 2187 595 2267 Cui
621 2189 672 2261 rei
691 2187 888 2284 probandae
904 2189 1031 2264 locum
1046 2190 1202 2290 aliquem
1225 2214 1271 2267 ex
1294 2187 1438 2288 justino

76 2289 247 2366 adversor
271 2286 513 2385 Tryphonem
529 2283 710 2381 producit.
760 2283 831 2361 Sed
853 2283 1012 2362 abiurdae
1030 2287 1103 2363 ista
1126 2289 1437 2388 cogitationeaad·
1555 2322 1557 2325 ·

71 2390 198 2465 versus
215 2387 439 2464 historiarum
464 2384 631 2459 omnium
654 2382 774 2461 locem
792 2382 882 2460 sunt
934 2381 1077 2462 Etenim
1096 2401 1262 2486 tempore
1277 2387 1435 2467 obfidio·

15 2534 17 2547 ·
68 2489 154 2572 nis,
183 2484 342 2586 Judaicae
374 2485 491 2583 gentis
524 2480 749 2567 universstaa‚
785 2498 861 2561 tota
882 2485 1094 2563 criminibus
1117 2511 1160 2565 ac
1188 2486 1346 2585 perfidiae
1369 2489 1439 2566 suae

70 2587 264 2671 immersa,
289 2585 394 2682 justas
418 2583 590 2663 scelerum
611 2600 738 2681 poenas
761 2582 871 2660 dedit.
926 2584 1042 2679 Quod
1059 2585 1198 2665 asalute
1221 2587 1300 2674 illa,
1325 2612 1449 2686 quam.

74 2685 207 2766 Paulus
232 2686 293 2764 hic
315 2686 540 2783 pollicetur,
580 2681 782 2784 longillrme
801 2683 940 2761 abeli⁴
973 2685 1010 2762 Si
1030 2688 1093 2785 qui
1116 2707 1203 2765 tunc
1226 2687 1435 2766 Christiania

74 2786 111 2865 fe
133 2788 400 2884 adjunxerunt,
439 2785 464 2859 ii
488 2798 561 2861 tam
587 2786 691 2881 pauci
719 2799 1011 2871 erantnumeto‚
1050 2785 1094 2863 ad
1127 2806 1290 2864 caeteram
1312 2788 1433 2865 multi,

74 2885 241 2965 tudinem
270 2886 414 2971 collati,
438 2901 478 2960 ut
497 2882 691 2962 ridiculum
715 2883 778 2973 fit,
806 2882 870 2959 eoa
888 2886 1000 2962 totiua
1022 2882 1152 2963 liradlir
1178 2889 1328 2963 nomine
1352 2885 1431 2964 inli-

73 2988 190 3086 gnire.
219 2994 224 2997 ’
243 2984 401 3083 Justinua
416 2984 504 3060 nihil
522 2983 620 3061 aliud
642 2985 747 3074 dicit,
775 3006 885 3078 quam
903 2986 972 3059 viar
991 2989 1047 3051 ur·
1060 2990 1154 3070 lala-r
1170 2994 1376 3069 weronam
1399 2996 1433 3060 la
1579 3056 1582 3061 .

72 3094 103 3157 mi
123 3096 204 3174 inepta
217 3100 252 3159 τί
275 3099 359 3179 χςιφῧ
373 3092 516 3158 ἆπολᾶω
538 3096 582 3171 erip
596 3093 653 3155 350⁸·
666 3098 711 3163 τῖε
741 3090 854 3160 enimi
906 3084 966 3161 AL
979 3109 993 3161 1
1007 3106 1064 3172 Qu
1078 3108 1132 3159 OS
1160 3089 1294 3185 quotidie
1318 3088 1434 3160 &0305

73 3199 106 3262 in
129 3194 249 3259 nomine
267 3185 377 3277 Cbrrsti
397 3186 526 3277 deserere
549 3194 634 3259 viam
658 3187 770 3261 errore
827 3182 944 3277 Quod
968 3184 1166 3282 plurimum
1188 3186 1290 3263 dist-at
1314 3194 1369 3258 dri
1392 3194 1430 3253 vi

72 3286 292 3373 molmula.
346 3283 519 3370 Accedit,
546 3283 647 3385 quod
672 3299 885 3362 commento
912 3282 977 3360 illo
1006 3281 1130 3360 Grotii
1158 3301 1323 3386 tempora
1344 3288 1434 3380 reie-

71 3381 204 3460 ilinnia
227 3385 264 3459 de
294 3380 514 3460 assumtionis
568 3385 647 3461 lane
676 3381 954 3461 confundantur.
1019 3380 1220 3480 Nunquam
1241 3387 1339 3462 enim
1357 3383 1434 3481 pal·

71 3483 230 3581 pabilior
250 3481 319 3559 fuit
336 3480 504 3559 defratlio
528 3407 565 3559 ἕ
587 3481 722 3561 excilio
748 3482 963 3559 naturalium
984 3503 1189 3570 ramorum,
1222 3487 1322 3583 juxta
1346 3485 1433 3560 vati-
1548 3558 1551 3563 .

70 3586 214 3660 cirrium
229 3580 412 3678 Baptistae,
442 3581 574 3679 Matala
597 3607 678 3660 111.
704 3603 760 3658 10.
803 3602 1014 3682 quamquo
1041 3595 1208 3684 tempore
1227 3583 1431 3663 eorundem

70 3682 280 3759 inlitionem
296 3679 365 3757 elle
382 3680 529 3766 latram,
573 3680 723 3761 Grotius
741 3680 921 3780 opinatur.

109 3842 112 3847 .
143 3778 293 3860 XXIV.
319 3779 491 3880 Denique
523 3783 803 3879 explicationem
829 3780 989 3858 nostram
1023 3777 1141 3881 firmat
1172 3780 1429 3878 propheticum
1473 3809 1588 3885 yffi„

71 3880 320 3959 testimonium
343 3882 388 3958 ab
406 3881 583 3982 Apostolo
605 3883 796 3981 allegatum
823 3903 868 3957 ex
886 3883 950 3976 Jefi
970 3904 1052 3956 nrx.
1071 3902 1119 3967 21,
1145 3892 1203 3959 2'2.
1264 3878 1337 3958 Ubi
1350 3904 1429 3956 ner.
1457 3898 1552 3950 ano»

71 3978 116 4056 ba
142 3977 297 4059 Hebraea
316 3985 465 4085 proprie
487 3980 623 4059 sonant.
676 3982 955 4070 renierludemror
977 3976 1075 4069 wll·
1101 3989 1255 4066 lionam,
1287 3981 1341 4057 vel
1359 3989 1429 4055 Zio-

67 4089 122 4165 ni,
149 4077 221 4157 five
240 4097 279 4159 ut
298 4076 416 4158 Gracci
433 4079 566 4159 habent
586 4095 665 4158 ‘inm
686 4091 769 4161 miv.
793 4088 974 4176 ingratiam
998 4085 1116 4168 Zionn,
1155 4081 1200 4169 &3
1214 4081 1431 4156 reverentiam
1457 4170 1461 4175 Α

68 4181 267 4275 ndesefflione
285 4190 318 4253 in
332 4182 438 4275 Jacob.
493 4180 621 4258 Pauloa
639 4179 788 4260 Graecos
814 4179 889 4257 fere
904 4180 1067 4269 secutor,
1090 4182 1203 4259 'verba
1227 4182 1350 4281 paullo
1368 4182 1429 4260 ali-

67 4292 124 4356 tet
147 4279 335 4371 reddidit,
365 4282 465 4359 sensu
490 4281 632 4359 eodem.
752 4316 760 4323 ·

704 4472 888 4575 Uuuu3
984 4564 1012 4589 ,ί
1170 4416 1429 4557 XXll.Nota
1513 4569 1515 4571 ,
