3792 4842
404 256 410 267 .
563 139 952 276 ‘Dnscosnn
1167 266 1171 271 .
1366 219 1444 297 737

9 358 11 433 ζ
93 344 213 459 leque
227 358 319 440 adeo
334 348 524 441 Dominus
546 362 583 437 in
605 363 698 440 illius
717 362 885 463 legitimo
896 364 965 442 usu
985 326 1151 442 fidelibus
1166 366 1377 462 exhibetur3
1399 371 1437 448 dc

93 464 278 559 deniqne,
307 465 392 561 quia
410 484 487 539 non
503 459 567 537 nili
584 466 685 561 juxta
700 465 925 544 voluntatem
947 466 985 543 dc
1010 465 1256 566 praescriptum
1278 467 1435 549 Domini

94 584 116 641 a
142 564 250 651 nobis
268 560 441 640 celebrari
456 561 575 639 debet.

145 659 219 739 IV.
247 658 305 739 Est
329 673 449 737 autem
469 661 587 741 Coena
602 658 780 747 Domini,
800 675 840 740 ut
857 663 901 739 ab
925 668 1115 753 cummi,
1134 664 1178 749 ad
1198 677 1431 752 emp-rana..
1469 725 1504 782 Β,
1546 714 1591 787 a
1617 674 1621 679 ’

92 761 346 879 transeamus,
383 757 657 878 Sacramentum
680 762 906 880 educationis
930 763 969 836 in
995 760 1149 883 Ecclesia
1173 763 1274 843 Novi
1307 761 1427 879 Testa·
1439 744 1538 863 ῥέξ’,

86 874 233 946 ‘ml’
253 860 717 1041 tilittzissstttni
741 859 1337 1060 ilssiulililnslinllill
1351 863 1426 1041 il:
1543 914 1549 921 ’

91 958 342 1147 {paceium
367 981 503 1175 cinisca
527 1047 658 1177 Christi
710 1014 946 1159 stpnllloneo
973 1062 1234 1149 consummati,
1259 1084 1430 1171 commug

92 1162 159 1236 nlo
180 1164 307 1236 tamin
325 1176 455 1257 gratia,
486 1183 594 1259 quam
608 1183 644 1237 tn
658 1082 797 1261 gloria,
820 1158 1037 1258 fignificatut
1052 1163 1089 1237 &
1107 1161 1323 1262 obsignatur.

141 1256 189 1336 V.
210 1260 267 1339 Ad
292 1261 393 1357 cujus
418 1259 667 1358 descriptionis
692 1261 973 1339 elucidationem
998 1316 1008 1347 ,
1037 1262 1124 1338 utile
1151 1268 1218 1340 etit
1240 1317 1251 1349 ,
1277 1276 1317 1338 ut
1351 1263 1425 1362 pri·
1459 1306 1569 1374 cm„
1638 1290 1648 1295 ¹

90 1380 197 1437 mum
217 1374 364 1438 externa
394 1358 583 1443 Sioua,
610 1358 821 1440 tumRam
847 1353 891 1437 iis
914 1358 1344 1448 Sionnmcnsnm,
1372 1361 1423 1438 di·
1442 1368 1558 1456 noletis

92 1457 217 1534 stinsle
243 1457 499 1557 expendamus.
537 1459 562 1536 S
576 1479 701 1540 1ons
722 1475 842 1539 autem
862 1456 941 1538 sunt
969 1460 1023 1537 vel
1051 1463 1124 1558 ipsa
1149 1462 1318 1541 Samso
1333 1483 1424 1545 cn,
1445 1438 1594 1577 ξξᾎξῗά

92 1558 153 1634 vel
174 1562 270 1635 Aca
285 1553 343 1636 1‘0
361 1578 454 1636 nes
474 1560 638 1659 quaedam
656 1562 749 1639 circa
770 1560 941 1661 symbolo.
978 1559 1116 1639 Sumo
1130 1584 1224 1640 ocu
1238 1583 1269 1637 m
1291 1561 1428 1659 duplex
1447 1578 1589 1638 emese·
1711 1662 1713 1667 ,

92 1658 170 1741 est,
196 1656 291 1735 Pon
306 1683 354 1734 ts
373 1659 412 1735 ’dc
435 1654 634 1753 Vinum,
655 1662 694 1736 dc
715 1677 910 1762 utrumque
927 1663 1076 1761 quidem
1096 1661 1264 1757 mamm,
1289 1660 1333 1737 ad
1352 1661 1427 1759 ple·
1444 1648 1520 1706 Μ’·

93 1758 299 1834 uitudinem
319 1757 482 1834 satietatis
498 1756 778 1856 designandam,
806 1784 915 1861 quam
938 1764 976 1835 io
998 1759 1141 1838 Christo
1167 1763 1350 1839 habemus.
1384 1761 1430 1838 A·

94 1856 256 1935 dotanda
275 1859 333 1934 hic
356 1857 463 1935 uobis
484 1855 618 1935 Divina
632 1858 857 1959 providentia
870 1860 940 1945 est,
968 1883 1049 1959 quae
1067 1886 1119 1938 ses
1134 1877 1207 1939 tam
1229 1861 1425 1957 simplices,

94 1979 139 2035 ac
155 1956 258 2038 facile
282 1960 479 2054 parabiles,
508 1957 669 2035 Ecclesum
690 1960 758 2035 suae
783 1963 819 2033 in
838 1966 960 2037 rerum
980 1962 1184 2037 coelestium
1213 1962 1345 2061 pignus
1369 1957 1430 2034 de·
1520 2050 1523 2057 Ι
1608 1976 1614 1985 ·

87 2056 159 2131 dit.
219 2055 333 2154 Cujus
353 2060 404 2133 rel
422 2081 499 2134 non
515 2082 585 2134 ona
608 2061 748 2135 nudetur
768 2054 837 2139 esse
857 2054 957 2136 satin.
994 2058 1022 2135 l.
1038 2052 1089 2138 Ut
1110 2060 1367 2138 sacramentum
1389 2057 1431 2134 il·
1470 2152 1475 2159 Δ

87 2152 161 2229 lud
185 2157 300 2231 ubivis
333 2155 532 2238 locorum,
555 2157 591 2230 dt
609 2157 653 2231 ad
678 2158 786 2230 tinem
803 2157 914 2253 usque
932 2158 1060 2243 seculi,
1088 2162 1125 2233 in
1147 2178 1324 2257 perpetuo
1343 2156 1432 2234 fide·

87 2251 188 2329 lium
205 2254 269 2328 usu
288 2250 382 2336 esset,
405 2256 626 2328 conveniens
646 2254 734 2355 suit,
761 2274 801 2329 ea
825 2256 984 2351 symbola
997 2257 1151 2341 institui,
1177 2280 1257 2356 quae
1281 2260 1317 2334 dc
1339 2259 1430 2333 sem·

93 2374 188 2449 per,
214 2354 249 2424 de
267 2350 401 2449 ubique
414 2348 577 2428 Ecclefiae
593 2353 637 2426 ad
650 2375 797 2428 manum
812 2352 879 2429 else
897 2370 1040 2451 queant.
1091 2354 1133 2430 li.
1152 2354 1334 2452 Spirituali
1351 2354 1431 2432 No·

92 2452 129 2526 vi
155 2444 373 2527 Testamenti
391 2454 619 2529 oeconomiae
640 2455 751 2550 magis
764 2452 1046 2533 consentaneum
1067 2452 1116 2532 est
1134 2509 1145 2541 ,
1164 2462 1204 2531 ut
1221 2454 1349 2531 humili
1368 2455 1430 2532 ali·

118 2549 232 2626 uo&
253 2550 468 2649 quotidiano
487 2550 679 2650 symbo=n‚
703 2550 803 2651 quod
829 2553 1098 2650 neque-oculos
1130 2576 1249 2650 neque
1268 2570 1429 2633 mentem

136 2651 279 2736 tinent,
300 2650 547 2731 monentem
575 2648 804 2753 significatam
824 2649 1058 2741 intuendam,
1086 2653 1350 2738 meditandam,
1372 2676 1430 2731 ac·

91 2750 314 2847 ceptandam
330 2752 498 2837 ducaris,
526 2774 635 2849 quam
656 2764 695 2826 ut
720 2752 759 2825 ln
780 2750 902 2827 illustri
938 2752 1061 2851 aliquo
1093 2776 1135 2830 ac
1156 2750 1371 2830 miraculoso
1389 2748 1430 2827 fi.

94 2873 198 2949 gno,
219 2849 347 2948 qualia.
358 2848 518 2933 lsi-acutis
536 2854 575 2925 in
593 2848 732 2929 deserto
748 2848 911 2928 concessa
936 2851 1042 2938 sunt,
1070 2852 1305 2952 itallupeas,
1328 2867 1367 2929 ut
1384 2850 1430 2928 ad

72 2951 288 3047 mysticum
310 2946 542 3047 fignificatum
567 2953 685 3028 miuus
709 2951 879 3029 attendas.
914 2948 971 3034 wll
985 2950 1009 3028 l.
1038 2951 1190 3030 Accedit
1214 2951 1444 3048 superstitio·-

95 3052 155 3125 nis
172 3048 401 3146 periculum,
426 3047 527 3148 qnod
550 3073 664 3148 quum
684 3050 779 3128 circa
797 3072 929 3150 panem
946 3051 984 3127 &
1004 3052 1131 3129 vinum
1151 3052 1292 3145 prossus
1307 3051 1432 3128 evitati

95 3170 177 3227 non
201 3150 388 3249 potuerit,
412 3150 451 3226 ln
477 3148 656 3226 illustriori
685 3144 787 3249 figno
814 3150 925 3251 longe
947 3152 1061 3253 majus
1090 3149 1214 3229 initiet.
1268 3148 1329 3228 lV.
1356 3148 1431 3227 Ne·

85 3270 170 3347 ‘que
189 3250 252 3326 abu
279 3272 317 3325 re
339 3249 419 3335 esl,
447 3249 548 3350 quod
570 3272 645 3326 non
666 3249 894 3329 metaurum
912 3252 1149 3327 animantium
1176 3270 1327 3337 carnes,
1354 3273 1432 3327 non

95 3365 265 3427 cruentas
281 3348 418 3447 dapes,
442 3349 564 3446 quales
580 3364 695 3446 patres
712 3344 802 3426 olim
817 3352 858 3425 in
884 3349 987 3425 sacris
1014 3350 1083 3425 suis
1107 3352 1221 3449 epulis
1241 3347 1430 3436 elitabant,

95 3449 232 3525 ilerum
256 3451 361 3525 nobis
388 3446 547 3527 Chrislus
573 3449 714 3531 dederit
736 3473 747 3541 ;
773 3448 832 3527 sed
854 3448 1011 3525 ‘mensam
1041 3450 1138 3527 suam
1163 3474 1254 3547 pane
1283 3448 1433 3547 simplici

10 3574 11 3579 ‘
96 3549 136 3625 dt
162 3550 251 3625 vino
280 3547 511 3626 instruxeris·
549 3546 693 3627 Etenim
721 3547 828 3624 semel
857 3544 934 3624 soso
965 3546 1095 3627 Christi
1129 3550 1300 3649 sanguine
1321 3606 1331 3635 ,
1356 3572 1466 3648 quo·

95 3642 220 3724 debita
235 3646 541 3745 nostraexpunsia
566 3650 670 3736 sunt,
699 3648 813 3727 &ira
833 3646 974 3726 Divinae
1003 3646 1212 3727 incendium
1236 3649 1434 3727 extinslum

94 3744 172 3832 est,
200 3746 410 3857 sanguinem
431 3748 587 3847 aliquem
609 3751 646 3824 in
666 3748 770 3826 sactis
795 3742 1078 3828 Christianorum
1109 3748 1212 3826 sundi
1235 3749 1332 3826 nefas
1353 3749 1430 3833 suit.
1532 3815 1535 3819 .
1667 3820 1668 3827 ξ

147 3844 214 3925 Vl.
246 3844 394 3925 Pauus
419 3847 643 3926 adhibendus
677 3848 730 3927 est
751 3851 957 3926 communis
993 3851 1029 3924 dc
1061 3848 1221 3935 usualis,
1248 3850 1300 3925 uti
1330 3849 1433 3926 Chri·
1467 3842 1615 3903 emesan·

1447 3911 1473 3978 fe
1475 3928 1616 3970 mmmmmmm
1658 3965 1677 3979 ,

96 3948 170 4025 stus
184 3969 268 4022 eum
279 3944 468 4040 usurpavit,
483 3949 642 4045 quitunc
658 3970 732 4046 prae
740 3949 905 4024 manibus
922 3961 1005 4023 erat.
1025 3949 1144 4024 Mattl.
1158 3970 1266 4023 xxvi.
1282 3960 1340 4025 26.
1360 3945 1432 4022 Vc·
1451 4002 1485 4038 ,η
1496 3998 1604 4058 ,aymus

98 4062 158 4127 tus
176 4061 297 4123 nutem
308 4049 454 4145 quaesiio
470 4051 561 4122 inter
572 4044 720 4125 Graecos
740 4070 784 4124 ac
798 4046 943 4123 Latinos
953 4048 1021 4132 eli,
1042 4065 1162 4129 uerum
1175 4050 1204 4123 is
1216 4071 1374 4147 azymus,
1391 4069 1436 4122 an
1452 4050 1602 4125 effecum.
1695 4130 1699 4139 Ι

97 4144 409 4225 sermentatuuesse
422 4147 575 4232 debeat,
598 4144 806 4247 utrisquead
820 4142 1115 4224 ChristiDomini
1130 4149 1437 4243 exemplnmpro·
1551 4182 1565 4209 ι

97 4246 324 4325 vocantibus.
376 4242 491 4322 Latini
504 4246 751 4335 contendunt,
784 4245 966 4327 Christum
975 4256 1105 4344 azymo
1125 4270 1216 4343 pane
1231 4243 1435 4334 usumelle,

61 4396 81 4407 ‚,
93 4345 401 4446 quandoquidem
412 4368 500 4423 mox
512 4342 767 4446 polll’aschale
782 4347 992 4426 convivium
1012 4345 1334 4427 coenamiustituit:
1356 4366 1436 4443 ,quo

151 4441 396 4525 Occsoeo.
760 4444 906 4526 Aaaaa
1047 4530 1052 4543 ,
1181 4460 1185 4465 “
1272 4456 1438 4539 tempore
