3792 4842
463 193 540 282 ἠε
798 181 928 265 Lrn.
979 178 1054 273 IVr
1117 178 1249 263 en.
1298 179 1446 271 XVII.
1500 214 1504 223 ’

306 333 314 342 ’
466 376 544 432 rem
561 346 795 429 renonem
815 351 934 428 annuc
954 312 1273 451 ingerentem
1289 355 1488 444 obtereret,
1511 356 1676 437 rmum
1774 410 1786 449 ‚
1876 386 1877 393 κ

466 456 660 531 insiediciir
671 452 1004 552 EcclefiaeAngiicanae,
1033 460 1258 545 Caprxxrtr.
1672 502 1678 511 .
1822 536 1824 539 ι

947 614 1097 732 'cae
1155 646 1348 731 xvn·
1425 638 1528 723 ’ψ

967 845 1052 952 ‘De
1078 844 1294 953 SCoena.

280 1042 448 1243 '‘mre-
466 1083 493 1167 l·
684 1086 816 1165 lterum
827 1085 926 1166 Novi
937 1082 1158 1165 Testamenti
1176 1086 1433 1167 sacramentum
1450 1086 1500 1163 est
1518 1078 1608 1205 Suc
1620 1108 1684 1164 tta
1705 1084 1789 1166 Do·

327 1260 361 1309 „
708 1210 864 1374 latit,
880 1188 1482 1401 {liipircilif'laiiialii
1497 1189 1789 1400 t'tlttlllt

516 1404 517 1407 ‘
708 1387 762 1463 sus
779 1386 947 1473 institnit,
975 1387 1147 1465 translatis
1169 1386 1335 1463 etiamad
1359 1407 1437 1462 eam
1464 1386 1652 1486 plerisque,
1668 1389 1787 1463 tamri·

674 1541 676 1545 ‚
705 1488 825 1572 tibus,
855 1510 962 1584 quam
983 1484 1187 1586 phrasibus,
1213 1509 1232 1559 a
1252 1484 1373 1580 priscis
1392 1482 1554 1560 Hebraeis
1574 1490 1611 1560 in
1632 1484 1787 1563 Paschate

469 1586 534 1665 suo
560 1588 730 1685 usurparit
759 1610 767 1661 :
790 1586 890 1685 quod
907 1589 961 1665 uti
980 1582 1121 1685 pridem
1152 1609 1172 1663 e
1199 1578 1296 1660 Viris
1315 1583 1550 1661 eruditiliimis
1571 1586 1786 1663 observatum

448 1738 451 1745 -
469 1687 542 1773 eli,
571 1693 617 1765 ita
633 1713 680 1764 ex
696 1687 974 1784 compendiosa,
998 1708 1107 1788 qnam
1125 1707 1224 1762 nnnc
1244 1684 1370 1765 damus
1382 1738 1392 1769 ‚
1404 1682 1509 1779 ⁴Sacri
1526 1684 1633 1778 hujus
1654 1686 1787 1785 symbo-

470 1786 495 1863 li
511 1786 752 1866 elucidatione
771 1789 915 1884 patebit.
959 1854 963 1859 .

281 1858 447 1986 §2⁰22
519 1885 561 1964 ll.
589 1889 658 1981 Co
674 1911 695 1962 n
711 1906 736 1961 n
751 1908 798 1970 n,
821 1899 1049 1964 nernnon,
1074 1882 1148 1959 hoc
1163 1881 1432 1963 Sacramentum
1452 1880 1582 1961 dicitnr
1608 1907 1624 1959 r
1648 1893 1783 1963 cmxi.

217 1974 222 1981 ’
272 2004 333 2055 m.
467 2008 528 2072 20,
552 2010 627 2063 non
645 1984 747 2085 quod
766 1978 904 2060 necesse
920 1979 1063 2058 fitillud
1083 1980 1217 2079 vesperi
1239 1986 1292 2061 vel
1314 1985 1423 2061 notin
1442 1983 1631 2060 celebrare.
1656 1982 1785 2065 Etiamfi

333 2150 342 2169 e
466 2089 564 2164 enim
588 2089 623 2160 in
645 2086 754 2161 veteri
781 2079 932 2160 Ecclesia
962 2078 1169 2177 frequenter
1195 2085 1231 2159 id
1258 2083 1449 2161 saliitatum
1471 2081 1512 2159 fit
1534 2107 1543 2157 :
1567 2107 1644 2160 nuo
1673 2100 1783 2161 umen

464 2186 633 2283 religioni
656 2183 974 2267 Christianorum,
999 2182 1058 2256 sed
1079 2183 1278 2259 crudelitati
1302 2183 1591 2281 persecutorum,
1618 2182 1656 2258 id
1677 2189 1784 2282 impu·
1876 2218 1877 2225 Ν

465 2288 614 2363 tandum
636 2282 697 2370 est,
726 2284 789 2382 qui
810 2282 937 2359 sevitia
961 2280 1019 2357 sua
1037 2279 1203 2365 fidelesn
1229 2281 1373 2360 diurnos
1395 2284 1432 2358 de
1448 2283 1687 2361 clandestinos
1701 2306 1782 2362 con·

462 2402 589 2463 ventus
612 2407 718 2483 agere
745 2385 935 2481 cogebant.
988 2376 1058 2461 Sed
1083 2384 1165 2480 qnia
1232 2382 1376 2461 ominus
1408 2380 1488 2480 post
1509 2380 1663 2466 Pascha,
1688 2380 1781 2484 qnod

461 2486 556 2562 inter
578 2482 840 2580 doenvesperar
867 2479 1125 2567 mactandum,
1153 2480 1261 2558 notin
1288 2504 1375 2559 vero
1394 2482 1665 2559 comedendum
1684 2499 1780 2569 erat,

359 2662 364 2667 ,
461 2582 669 2665 convivium
685 2581 757 2661 hoc
773 2581 939 2666 instituit,
970 2580 1171 2681 &quidem
1189 2585 1339 2670 oenone,
1360 2584 1570 2687 quaproditar
1585 2582 1656 2668 eli,
1678 2611 1693 2663 1
1714 2590 1779 2655 Cor.

225 2758 230 2769 ,
271 2780 276 2789 ¹
399 2740 402 2747 «
459 2707 520 2762 xa.
544 2704 600 2775 23.
625 2704 778 2857 queque
807 2680 931 2758 ultima
962 2681 996 2755 ei
1022 2694 1104 2757 ante
1135 2694 1291 2757 mortem
1317 2684 1384 2758 soit
1412 2707 1420 2758 :
1447 2682 1537 2760 hinc
1563 2681 1783 2759 sacratillimo

318 2832 320 2835 -
395 2862 402 2877 ,
458 2784 545 2861 huic
566 2805 677 2880 epuo
698 2782 825 2858 Coeoae
845 2800 984 2857 nomen
1009 2777 1114 2857 haesit.
1167 2782 1338 2866 Accedit,
1363 2781 1464 2880 qnod
1494 2780 1780 2859 lautiffimaanri

458 2882 618 2983 quornm
637 2882 826 2965 convivia,
852 2880 1029 2977 imprimis
1053 2883 1092 2954 in
1108 2877 1256 2979 Jndaica
1282 2883 1449 2966 natione,
1472 2882 1646 2978 nuptialia
1669 2897 1781 2966 certe,

363 2986 369 2995 '
458 2982 659 3081 vespertina
681 2978 897 3079 plerumque
919 2977 1083 3055 suerint:
1110 3002 1186 3078 quo
1207 2980 1291 3057 sacit
1310 2981 1478 3081 parabola
1500 2983 1547 3057 de
1570 2982 1697 3058 decem
1716 2982 1781 3057 vir·

456 3083 604 3184 ginibue
635 3088 720 3154 Mat.
743 3102 807 3155 xx
827 3100 858 3154 v·
897 3074 1060 3174 Ideoque
1088 3081 1308 3157 conveniens
1329 3096 1402 3157 erat
1428 3136 1440 3167 ,
1468 3082 1676 3158 convivium
1696 3077 1780 3157 illud

458 3180 558 3281 quod
577 3180 805 3256 incredibiles
831 3177 917 3256 coeli
935 3176 1079 3252 delicias
1097 3178 1346 3277 repraesentat,
1368 3181 1403 3254 δι
1426 3179 1527 3257 arrha
1543 3180 1593 3256 est
1616 3206 1777 3273 coenaenup·

400 3290 406 3299 “
456 3285 894 3376 namnAgni.Ap.»x1x.9;
910 3276 973 3355 sub
995 3297 1111 3355 coecae
1135 3281 1287 3355 nomine
1312 3279 1587 3359 &emblemate
1613 3283 1773 3377 proponi

366 3382 371 3391 '
455 3378 587 3478 Neque
613 3379 735 3457 l'rullra
758 3402 776 3453 a
797 3374 910 3479 Panlo
928 3392 1139 3452 annotatum
1161 3379 1231 3462 est,
1256 3402 1297 3455 ea
1324 3377 1427 3455 noue
1455 3378 1635 3456 Christum
1665 3378 1774 3456 siecle·
1876 3406 1877 3423 ¹

397 3552 401 3567 ,
454 3479 511 3559 liae
534 3502 679 3556 coenam
713 3473 877 3562 dedisse,
908 3497 979 3573 qua
1005 3475 1170 3571 proditus
1197 3478 1256 3553 eli.
1307 3475 1403 3554 Nam
1420 3495 1658 3576 preterquam
1680 3476 1772 3579 quod

455 3576 626 3657 immensa
650 3575 778 3654 Christi
795 3578 972 3662 alumnia
990 3575 1098 3673 ineo
1124 3577 1262 3655 eluceat
1281 3577 1383 3677 qnod
1411 3596 1457 3654 eo
1488 3582 1664 3677 imprimis
1692 3593 1769 3655 tem·

455 3701 546 3777 pore
564 3693 646 3761 tarn,
658 3676 829 3753 solicitam
857 3673 967 3747 nostri
987 3697 1109 3750 curam
1128 3698 1253 3772 gerere
1268 3674 1434 3775 dignatus
1446 3672 1507 3761 lit,
1528 3700 1603 3774 quo
1620 3679 1768 3753 animum

452 3779 657 3855 ioslmtium
678 3774 740 3852 libi
765 3768 1031 3872 perpelfionum
1051 3773 1203 3851 horrore
1226 3780 1445 3875 caeteroquin
1469 3775 1767 3875 occupatillimnnr

451 3878 629 3969 habebam
649 3890 731 3951 ante
745 3877 868 3951 omnia
888 3872 1023 3948 sacrum
1040 3873 1076 3946 id
1094 3875 1221 3963 nobis,
1241 3877 1276 3951 dc
1293 3898 1400 3973 quam
1416 3882 1571 3953 maxime
1591 3898 1769 3953 commen·

452 3982 575 4057 datum
600 3972 670 4051 else
686 3975 822 4058 debet,
862 3970 1002 4070 quoda
1028 3968 1230 4061 Domino,
1259 3974 1304 4050 ad
1328 3991 1486 4053 mortem
1512 3976 1547 4052 se
1572 3998 1641 4074 pro
1669 3976 1767 4053 nobit
1876 4018 1877 4025 κ

320 4152 331 4172 ,
450 4081 687 4176 accingente,
714 4074 913 4148 institutum
932 4070 993 4146 est.

266 4160 429 4288 53⁰3}
500 4174 576 4257 lll.
606 4175 748 4259 Porro,
773 4171 890 4251 Coena
923 4168 1185 4258 Donr1n1,
1218 4184 1442 4239 utereturi
1472 4175 1589 4237 iri-m·
1632 4173 1765 4252 dicitur·

263 4286 339 4358 mei,
454 4298 471 4352 1
500 4284 571 4349 Cor.
593 4298 652 4349 xr.
682 4294 739 4348 πο.
771 4290 847 4346 turn
869 4273 950 4363 quia
980 4267 1186 4346 Dominum
1217 4262 1398 4339 artiorem
1427 4264 1563 4356 habet,
1589 4286 1667 4351 rom
1687 4274 1765 4372 qnia

325 4476 329 4487 Ι
449 4389 526 4458 tota
543 4373 587 4452 ad
605 4371 842 4459 Dominum,
866 4369 1030 4481 illiusque
1050 4367 1362 4453 recordationem,
1392 4376 1687 4546 competentiis,
1713 4374 1764 4463 ip-

1376 4506 1381 4513 ·
1671 4489 1760 4568 eque
