3792 4842
259 278 265 289 ,
345 190 422 275 Da
455 192 878 286 liuu'rouaatoita
911 190 1024 279 Ver.
1058 196 1207 285 'Pasa'
1355 202 1451 291 ‘683

94 362 135 442 id
153 360 313 441 absolute
339 378 569 464 perpetuum.
619 390 648 442 1.
661 372 786 445 Sama
795 363 849 443 ri.
873 392 902 446 t.
936 389 969 445 2.
985 364 1059 442 Cir.
1078 389 1136 442 xv.
1163 388 1196 457 3.
1248 360 1388 441 Verum
1409 362 1457 443 de

95 463 361 560 Prophetarum
391 464 455 543 libi
484 482 613 542 mutuo
643 465 911 545 succedentium
947 468 1035 543 serie
1059 466 1120 543 hic
1142 465 1261 543 sermo
1289 464 1456 542 nonest:

93 563 157 643 sed
187 564 234 637 de
262 563 442 662 Propheta
471 565 594 664 aliquo
624 575 718 651 aaran
734 579 780 635 ut
801 574 1000 655 benammi·
1019 568 1067 643 itu
1095 565 1201 642 aruo.
1261 563 1392 659 Quum
1418 567 1457 641 in
1560 649 1569 663 ‚

93 661 259 743 corrielio
274 662 339 748 lit.
373 668 413 741 in
433 679 513 744 toto
531 665 793 764 Prophetarum
814 667 931 745 choro
953 688 1075 764 parem
1097 664 1192 743 Muli
1210 661 1374 742 exstitisse
1393 686 1459 741 ue·

89 768 271 843 minem·
309 763 482 859 Minutiaa
503 780 624 847 autem
659 766 817 845 hilarum
841 766 1117 844 similitudinum
1149 764 1267 843 sedari
1296 764 1458 842 hominia

93 866 231 965 ingrati
257 864 331 951 eii,
349 867 414 963 qui
439 866 754 966 tmgnitutidinem
770 866 896 944 Dirini
917 864 1076 966 promissa
1099 889 1176 944 non
1198 867 1265 944 tite
1284 865 1455 949 aestimat,

93 968 180 1049 vel,
203 967 303 1062 quod
325 965 515 1063 pessimum
534 966 603 1052 eli,
630 966 937 1064 scienndeprimit.
987 966 1107 1047 Probe
1133 981 1253 1043 autem
1278 965 1460 1042 observari
1488 1036 1492 1049 c

92 1065 206 1144 velint
236 1060 645 1152 aurato-connitur,
670 1088 751 1165 quae
769 1070 815 1143 ita
839 1065 967 1143 habet:
999 1065 1243 1162 aplanetariie
1269 1065 1307 1142 dt
1327 1064 1459 1143 divinia
1512 1066 1515 1073 ’
1650 1134 1655 1149 ,

92 1163 333 1277 auscultandip
372 1166 553 1263 populum
573 1166 782 1245 dehortatur
812 1166 956 1260 illusam
991 1164 1065 1243 hoc
1098 1177 1336 1277 argumento,
1374 1166 1463 1264 quia
1525 1252 1530 1263 ,
1685 1246 1690 1253 ,

91 1263 317 1363 Prophetatn
335 1261 399 1341 sabi
420 1288 565 1362 parem,
598 1269 635 1343 dc
657 1269 696 1343 in
719 1267 890 1345 omnibus
918 1265 1218 1357 auscultandum,
1240 1264 1459 1357 excitaturae
1571 1362 1572 1365 p

94 1380 171 1443 erat
189 1360 301 1443 Deua.
354 1363 455 1454 Sed,
482 1368 641 1469 inquies,
667 1367 749 1466 post
770 1364 977 1445 tutsecuia!
1018 1364 1121 1459 Quid
1137 1362 1310 1444 interimi
1334 1360 1457 1443 Habe·
1528 1374 1532 1380 ’

93 1467 187 1543 bant
208 1465 327 1563 legem
348 1464 538 1564 scriptam,
560 1467 606 1545 ad
619 1490 734 1568 aeque
756 1467 850 1545 iliius
871 1465 1066 1565 Prophetae
1082 1488 1198 1543 aevum
1219 1462 1362 1543 abunde
1383 1462 1457 1540 sus·

93 1566 279 1643 stitutum.
330 1562 396 1651 Ea,
419 1565 721 1664 saquid‘uriretur
741 1567 862 1654 dubii,
893 1562 1059 1644 adeunda
1078 1580 1161 1646 erat.
1187 1566 1250 1660 Jefi
1272 1586 1378 1641 tart.
1394 1587 1451 1653 19,
1554 1648 1559 1665 ‚

95 1688 158 1747 au.
187 1662 354 1743 Habitari
377 1680 478 1744 erant
494 1667 682 1745 ordinario
701 1664 918 1763 Prophetae,
945 1667 1036 1766 legia
1056 1666 1153 1744 illius
1170 1665 1395 1763 interpretes.
1417 1663 1458 1765 ἀ

91 1767 253 1865 supremi
274 1762 446 1845 Numinis
465 1765 662 1845 familiares.
736 1765 961 1849 Ceffantibua
983 1778 1105 1845 autern
1129 1765 1335 1867 vulgaribus
1364 1761 1454 1841 Pro·
1484 1796 1489 1805 ⁴

94 1865 409 1967 phetia,=iegisque
454 1867 581 1946 eriodo
602 1866 766 1946 adfinem
783 1868 976 1966 vergente,
1000 1868 1160 1944 oriturus
1180 1879 1255 1943 erat
1272 1861 1455 1962 Propheta
1618 1960 1623 1971 Ι

93 1967 158 2044 ille
184 1989 219 2042 ru
264 1989 353 2053 uua,
380 1890 482 2067 cadus
507 1967 857 2053 renouarentur,
882 1964 919 2043 a
944 1975 1048 2062 cuius
1067 1966 1208 2066 placitis
1225 1962 1454 2066 acquiescen-
1519 1950 1544 1989 ⁸

95 2068 187 2145 dum
205 2064 248 2142 ha
278 2079 388 2144 erent.
456 2068 628 2163 Quanam
646 2092 736 2170 ergo
759 2067 942 2163 probabili
959 2070 1100 2145 ratione
1118 2066 1289 2146 suadente
1311 2061 1356 2141 ad
1378 2062 1453 2163 pla·

95 2167 333 2244 netarioarel
357 2166 499 2243 divinus
523 2168 779 2245 recurrerunt?

145 2262 252 2344 XlV.
281 2262 337 2339 Ad
355 2272 492 2338 Tatium
514 2264 617 2359 Resp.
643 2266 861 2363 Prophetam
881 2263 942 2342 hic
962 2263 1186 2362 designatum
1203 2261 1352 2361 Josuatn
1375 2282 1452 2339 uon
1487 2282 1635 2371 inm„

92 2362 192 2447 elie,
218 2362 314 2438 sacer
335 2374 453 2440 textus
476 2364 659 2441 manifeste
676 2366 811 2441 indicat
825 2371 922 2439 Dent.
937 2386 1071 2441 xxxia.
1098 2387 1135 2453 9,
1164 2386 1219 2441 10.
1245 2361 1549 2461 Namnet-sm

90 2458 905 2660 instititutlaaaanlttlta
919 2460 1456 2658 tlalatlnnaaan

91 2663 220 2756 Moser,
245 2663 299 2737 uel
316 2687 374 2757 par
390 2665 479 2756 Most.
542 2663 656 2758 Quasi
678 2665 890 2763 dataopera
910 2686 1034 2742 carere
1055 2661 1219 2741 voluisset
1240 2662 1362 2750 Deua,
1395 2684 1459 2739 ne·
1603 2702 1606 2709 ·

93 2764 432 2959 titillatu
446 2758 1458 2963 insatiabilitatitarantasia
1591 2776 1618 2901 1

97 2964 147 3044 tle
169 2963 386 3063 postulatum
420 2964 570 3045 firmare.
632 2966 808 3042 Ainianes
845 2968 1083 3064 probaturae,
1108 2961 1301 3064 Jeremiam
1324 2962 1386 3040 hic
1404 2963 1460 3039 in-

95 3065 247 3164 telligi,
283 3066 388 3161 plane
407 3070 589 3144 contrariu
611 3081 828 3165 argumento
854 3080 1013 3165 pugnat,
1053 3064 1390 3143 &similitudinem
1417 3063 1458 3138 in

97 3188 146 3244 eo
164 3165 372 3250 constituit,
400 3167 503 3267 quod
523 3165 624 3244 sicuti
640 3166 735 3245 Mosa
756 3164 922 3265 refragati
940 3165 1023 3244 lunt
1038 3165 1231 3264 populares
1258 3164 1326 3251 sui,
1348 3165 1396 3239 ita
1419 3162 1457 3238 dc

97 3262 274 3365 Jerernlae.
297 3318 302 3323 ,
326 3264 398 3342 Sed
423 3281 618 3364 utrumque
638 3267 688 3342 cli
707 3265 909 3342 absurdum.
963 3264 1181 3344 Communia
1199 3287 1239 3342 ea
1261 3261 1458 3363 Propheta·
1505 3304 1509 3311 ·

99 3389 183 3444 rum
207 3366 281 3442 iura
305 3361 398 3452 suit,
426 3381 467 3442 ut
494 3365 696 3465 saepiuscule
721 3366 862 3451 auditi,
890 3362 1015 3462 iaepiua
1038 3364 1156 3462 rejetli
1176 3364 1265 3457 fint3
1293 3361 1458 3464 quandu-

97 3472 172 3568 que
199 3466 281 3563 piua
308 3463 498 3542 habuerint
518 3468 729 3551 auditnreu,
764 3466 829 3565 qui
853 3463 1174 3543 contremiscerent
1192 3464 1237 3543 ad
1257 3465 1364 3542 rerba
1382 3458 1458 3538 Del

96 3569 192 3651 riri,
218 3564 366 3664 quando
396 3588 439 3641 ue
453 3566 624 3662 prosunoa
645 3578 932 3664 contemptores,
955 3565 1145 3665 quibuaea
1164 3578 1265 3642 erant
1284 3564 1454 3641 ludibrio.

100 3663 291 3763 Nusquam
309 3587 498 3763 perdedius
518 3667 624 3765 hujua
643 3667 742 3744 verbi
758 3665 1073 3763 complementum
1092 3666 1263 3749 inveniar,
1285 3680 1396 3761 quam
1413 3662 1454 3737 in
1534 3698 1539 3709 ·

100 3760 273 3845 Domino
289 3761 391 3864 Jesu,
430 3765 476 3842 de
503 3788 580 3867 quo
601 3764 704 3846 Pater
724 3789 745 3843 e
767 3765 867 3844 cneio
885 3764 1150 3866 proclamarat
1177 3763 1330 3844 Hunc
1365 3761 1454 3839 Au·

101 3867 383 3947 utunMaul.
405 3888 513 3947 aura.
542 3888 571 3961 5.
956 3882 958 3892 ’
1751 3912 1763 3935 .

147 3965 238 4046 XV.
268 3964 393 4045 Multo
418 3971 536 4046 miuus
559 3966 636 4045 hanc
656 3964 703 4060 de
724 3962 881 4065 jeremia
899 3963 1118 4064 exponenda
1138 3962 1246 4051 sunt,
1278 3961 1339 4041 cui
1365 3982 1454 4062 prac-
1470 3945 1635 4079 ew*
1716 3996 1725 4013 ·

100 4062 218 4165 dicata
237 4066 299 4159 ista
321 4090 396 4146 non
413 4070 527 4171 magia
550 4069 796 4153 conueniunt,
834 4084 943 4163 quam
969 4066 1081 4144 cuivis
1099 4064 1159 4143 aiii
1179 4062 1452 4164 Prophetarum
1497 4120 1503 4131 ‚
1547 4058 1568 4165 f

103 4161 211 4245 Nam.
246 4166 271 4244 l.
290 4164 472 4247 Gematlia
493 4168 551 4247 iiia
568 4168 814 4257 Cabballiilica
836 4163 1033 4242 otiosarum
1056 4168 1233 4244 mentium
1254 4164 1371 4263 paliua
1390 4162 1453 4253 est,
1518 4216 1521 4223 ·
1594 4216 1597 4227 ·

103 4263 336 4363 quaesuttasle
352 4268 559 4347 'subtilitatia
580 4270 713 4370 ailquid
734 4286 1000 4365 nunnunquam
1032 4264 1163 4352 habet,
1196 4264 1378 4343 soliditatis
1402 4266 1483 4340 ui-¹
1533 4346 1534 4351 a
1684 4330 1687 4337 a

105 4360 166 4449 liii.
216 4365 354 4448 Merito
370 4368 415 4448 de
440 4392 483 4449 ea
500 4369 663 4460 dheria,
692 4365 801 4473 quud
812 4369 860 4444 in
880 4362 991 4465 simili¹
1005 4366 1088 4451 casu
1106 4366 1201 4447 'dier
1222 4374 1304 4450 dara
1322 4367 1368 4443 ad
1385 4364 1456 4459 defi
1553 4390 1560 4397 ’

760 4576 764 4587 ι
830 4463 994 4560 Rtrrd
1280 4526 1283 4531 .
1370 4484 1466 4544 aar..
1538 4550 1584 4575 .-
1666 4450 1716 4547 ,’
