3792 4842
589 140 663 223 De
713 140 989 261 linsxrrsrro.
1399 167 1475 261 7¹5

115 308 298 391 sed‘extru
318 309 517 400 ordinem,
549 310 665 391 lsra‘eli
697 313 910 411 obtigerunt
936 314 976 405 in
1012 309 1164 391 deserto.
1196 323 1306 393 κίον.
1326 335 1360 394 x.
1385 338 1474 412 r··4.

112 409 205 490 Haec
227 429 266 490 ut
291 416 464 499 unionis,
493 436 535 491 ac
556 415 828 491 communionis
853 411 1036 498 fidelium,
1064 434 1150 491 cum
1168 414 1332 499 Christo,
1358 438 1401 493 ac
1424 414 1476 491 se·

113 535 202 592 curn
221 515 399 598 invicem,
423 513 522 592 sacro
538 510 722 613 fignaculo
737 513 782 591 ab
802 512 982 612 apostolo
996 510 1156 611 exposita
1179 539 1195 590 1
1219 524 1395 593 Cornu.
1416 536 1472 608 13·

112 617 177 713 qui
190 611 244 699 ,ii
263 615 366 711 plura
380 610 524 691 fuissent
544 620 620 711 ejus
641 616 814 714 generis,
841 636 913 699 ea,
943 633 1013 712 pro
1030 612 1089 691 sua
1110 613 1295 714 diligentia
1314 616 1350 691 dr
1368 638 1473 692 accu-

112 715 286 802 ratione,
313 713 442 792 inditla
466 716 647 812 praeterire
667 710 900 809 nonsivisset.
955 709 1045 791 Haec
1069 711 1228 813 denique
1252 715 1472 814 plenitudini

109 814 265 913 gratiae,
293 837 402 915 quam
429 817 466 890 iu
496 814 638 893 Christo
667 815 862 901 habemus,
887 811 1151 913 significandae,
1180 814 1217 891 dr
1241 814 1472 913 obsrgnandae

112 911 305 992 sufficiunt
357 914 486 1009 Quum
511 912 611 991 enini
627 912 672 991 ad
688 913 863 992 felicitatis
877 914 1006 990 nostrae
1025 915 1377 999 consummationem
1394 916 1470 991 duo

111 1018 367 1114 requirantur,
397 1019 517 1112 primu
546 1026 586 1093 ut
603 1014 756 1093 absoluti
773 1038 793 1091 a
811 1014 1024 1091 criminibus
1043 1068 1054 1101 ,
1081 1014 1193 1090 abluti
1209 1016 1253 1092 ab
1273 1015 1471 1091 immundi·

111 1116 162 1193 tie
179 1115 319 1202 nostra,
336 1139 400 1215 per
415 1118 718 1203 communionem
735 1114 888 1211 Spiritus
903 1112 1033 1191 Christi
1051 1112 1096 1191 ad
1116 1120 1256 1191 nouam'
1267 1116 1374 1191 vitam
1390 1138 1471 1213 gra·

21 1260 23 1281 ·
109 1216 169 1294 tiae
191 1239 473 1315 regeneremur:
495 1215 629 1291 deinde
648 1229 689 1293 ut
711 1215 832 1291 inilia
857 1215 926 1291 vita
948 1217 1071 1313 gratiae
1091 1216 1313 1302 nutriamur,
1338 1215 1375 1290 id
1395 1214 1466 1301 est.

111 1315 378 1404 sustententur,
404 1317 644 1402 roboremur,
662 1313 882 1400 crescamus,
910 1313 1033 1391 donec
1049 1336 1333 1413 promoveamur
1350 1314 1395 1394 ad
1417 1316 1468 1390 vi-

109 1427 185 1494 tam
207 1416 360 1517 gloriae:
393 1433 587 1515 utrumque
607 1416 713 1492 nobis
732 1418 885 1512 gemino
906 1413 981 1491 hoc
1007 1412 1228 1496 sacramento
1250 1413 1466 1495 sufficienter

109 1514 357 1594 confirmatur.
410 1514 529 1593 Prima
557 1517 669 1592 nostri
700 1513 818 1590 insitio
850 1516 890 1589 in
921 1512 1095 1600 Christo,
1129 1516 1165 1590 dr
1189 1525 1379 1599 animata
1399 1536 1465 1613 per

108 1613 289 1716 Spiritum
309 1619 408 1712 ejus,
435 1614 642 1713 Baptism03
668 1612 832 1690 Nutritio
855 1615 935 1689 vitae
960 1614 1179 1712 spiritualis,
1208 1616 1312 1692 Sacra
1332 1615 1459 1693 Coena.

161 1714 217 1793 11.
248 1713 308 1793 De
334 1733 489 1815 utroque
520 1712 595 1793 hoc
619 1712 719 1792 Novi
755 1712 978 1791 Testamenti
1008 1711 1241 1795 Sacramenru
1274 1715 1463 1791 observatr-
1505 1715 1646 1844 23³¹&st-

109 1813 202 1894 duur
225 1814 297 1902 est,
321 1816 423 1918 quod
448 1814 583 1917 aliquid
610 1818 643 1891 ei
670 1813 910 1914 respondens,
937 1812 998 1888 sed
1023 1810 1271 1892 Ecclefiasticae
1290 1818 1461 1892 duntaxat
1477 1789 1614 1930 2⁶:52⁴&

108 1915 405 2005 consuetudinis,
437 1938 513 1995 nou
531 1914 675 2001 Divinae
701 1914 955 2000 iustitutionis,
983 1913 1102 2012 prisco
1117 1911 1234 1990 Israeli
1254 1915 1461 2013 usurpatum
1480 1923 1630 1999 detestans.
1673 1989 1678 2001 ‚

109 2013 229 2093 suerit.
282 2017 401 2117 Atque
427 2018 465 2092 in
487 2039 533 2092 eo
552 2015 729 2093 summam
747 2013 864 2100 suam,
898 2036 1016 2113 quum
1033 2013 1263 2112 sapientiam,
1289 2030 1368 2091 turn
1395 2015 1461 2092 bo-
1477 1996 1644 2134 {mig

107 2118 263 2193 uitatem
287 2115 474 2191 Dominus
498 2112 599 2210 Jesus
628 2113 813 2197 ostendit,
840 2112 943 2210 quod
976 2129 1143 2210 receptos
1167 2118 1255 2192 ritus
1276 2117 1459 2200 retinens,
1478 2139 1519 2190 nn
1535 2136 1649 2209 repra·

106 2235 179 2289 eus
199 2212 406 2289 audoritate
432 2212 492 2287 sua
515 2211 680 2295 firmans,
709 2212 806 2285 &au
836 2207 1001 2285 ustillima
1025 2233 1158 2286 rerum-
1175 2216 1403 2314 mysticarum
1419 2212 1460 2290 fi.
1482 2198 1574 2329 'isati‘
1588 2201 1632 2261 0¹·
1699 2221 1701 2224 ⁴

102 2310 371 2410 gnificatione‚
400 2333 480 2408 quae
501 2310 545 2387 ab
570 2309 793 2393 institutione
808 2232 873 2401 dua
894 2312 1001 2385 uuice
1026 2307 1232 2408 dependet,
1256 2313 1463 2391 illustriores
1478 2284 1568 2399 ’Μ

96 2411 292 2589 ἴεάἀουε,
322 2411 432 2489 nimia
458 2412 694 2491 innovatione
717 2407 882 2487 infirmos
899 2407 1047 2487 suorum
1068 2409 1212 2489 animos
1235 2413 1377 2493 turbare
1397 2435 1464 2492 no-

124 2512 236 2589 uerit.

157 2608 224 2688 ΙΙΙ.
249 2605 293 2689 Et
317 2606 559 2688 Basarsnrun
581 2606 731 2711 quidem
753 2607 854 2712 quod
872 2610 1024 2700 attinet,
1049 2609 1095 2688 de
1120 2631 1197 2711 quo
1220 2613 1326 2690 nobis
1340 2615 1463 2711 primo
1500 2638 1648 2715 arrapen-

104 2708 201 2788 loco
224 2709 420 2789 dicendum
446 2713 521 2800 est,
545 2711 706 2795 constat,
732 2712 827 2805 apud
852 2707 998 2807 Judaeos
1029 2710 1214 2809 duplicem
1243 2710 1462 2807 Baptismum
1480 2728 1537 2767 Μ
1544 2730 1614 2837 Γ
1699 2788 1715 2817 ,

107 2812 150 2887 in
169 2810 232 2886 usu
244 2806 368 2898 fuisse,
407 2834 566 2912 quorum
587 2810 687 2888 hunc
704 2813 772 2875 ³7³
788 2808 906 2878 ΝΜ
930 2814 1115 2904 baptismum
1139 2815 1369 2894 immunditiei,
1394 2812 1464 2889 sive
1479 2780 1538 2837 ω’
1562 2784 1646 2853 ''¹¹⁰“

109 2915 341 3002 lustratione,
368 2934 445 3007 quo
473 2914 660 3008 impuritas
687 2907 828 3009 Legalis
850 2911 1062 2989 abluebatur
1082 2935 1095 3004 ;
1120 2911 1221 2988 illurn
1252 2914 1332 2979 tuat
1348 2898 1463 2978 nbnu

110 3016 301 3106 Baptismum
318 3013 514 3111 Proselytismi
531 3009 600 3088 five
622 3019 826 3111 initiationis,
845 3012 1041 3098 vocabant,
1070 3035 1146 3110 quo
1163 3034 1209 3088 ex
1230 3012 1399 3112 gentibus
1418 3010 1464 3089 ad

109 3108 338 3211 Judaismum
351 3110 512 3189 conversi
531 3110 727 3213 israeliticae
745 3109 906 3192 Ecclesiae
925 3111 1173 3199 initiabantur.
1224 3112 1339 3191 Priori
1357 3109 1464 3188 omis·

104 3211 151 3289 so
171 3267 183 3299 ,
212 3214 275 3312 qui
290 3211 337 3301 ad
354 3210 505 3308 praesens
525 3229 781 3312 argumentum
801 3234 877 3291 non
896 3211 1041 3310 oppido
1068 3216 1224 3313 pertinet
1244 3266 1254 3299 ,
1281 3214 1326 3288 u'e
1347 3214 1464 3312 poste·

71 3314 203 3389 xriori
227 3311 405 3388 nonnulla
427 3317 610 3389 monenda
632 3310 722 3387 sun-t.
1512 3347 1517 3359 ·
1572 3336 1574 3341 ’

157 3408 236 3488 Ν
255 3410 384 3505 Quum
399 3412 436 3486 in
460 3411 581 3487 suedus
603 3407 831 3491 israeliticum
842 3410 1081 3507 recipiebatur
1099 3414 1256 3511 gentilis,
1285 3412 1321 3486 dr
1335 3433 1462 3511 quem·
1484 3400 1628 3529 lym

108 3510 354 3588 madmoduur
385 3508 530 3587 Hebraei
558 3511 786 3610 loquuntur,
825 3510 1024 3609 proselytus
1057 3514 1197 3609 justitiae
1232 3513 1362 3598 lieret,
1398 3513 1462 3586 tria
1478 3494 1607 3620 W„

108 3610 376 3689 adhibebantur
405 3611 659 3713 initiamenta,
685 3607 758 3685 fine
777 3612 908 3709 quibus
938 3634 1007 3688 nec
1040 3612 1105 3709 ipsi
1137 3611 1297 3689 israelitae
1325 3667 1335 3697 ,
1363 3614 1462 3709 juxta
1478 3631 1546 3669 'm-
1682 3704 1688 3709 .

107 3725 298 3805 receptam
318 3733 447 3787 eorum
462 3710 699 3797 sententiam,
723 3707 844 3787 soedus
869 3710 959 3787 illud
980 3713 1161 3800 inierant,
1189 3713 1355 3789 videlicet
1374 3706 1463 3774 Μ
1552 3762 1558 3774 ·

106 3805 786 3900 tnwmmcrncuncrsro,
818 3808 1119 3888 Bnurrsrrus
1154 3813 1463 3889 &sicim-

104 3938 160 3993 cr
176 3939 201 3989 o
215 3937 258 3989 nr.
313 3911 355 3989 Et
375 3907 595 4006 Baptismum
618 3909 721 3986 illurn
742 3927 814 3989 tam
838 3909 1072 3988 necessarium
1098 3910 1197 4000 else„
1222 3909 1462 3988 Hebraeorum

107 4013 277 4111 Magistri
288 4011 450 4095 sciscunt,
476 4025 514 4088 ot
529 4008 601 4086 sine
622 4032 667 4086 eo
682 4006 948 4109 proselytisrnus
968 4032 1044 4086 non
1060 4015 1171 4109 magis
1187 4011 1337 4095 constet,
1355 4034 1465 4109 quam

107 4111 184 4190 srne
209 4108 486 4191 circumcisione
506 4135 515 4185 :
550 4111 580 4186 is
600 4131 687 4185 vero
707 4124 878 4189 unacum
898 4107 1070 4190 sacrificio
1093 4125 1207 4191 totam
1224 4109 1465 4215 initiationem

104 4214 149 4291 in
179 4213 333 4291 suernina
351 4209 534 4311 proselyta
553 4207 722 4338 absolvat

383 4355 387 4361 ⁵
796 4402 957 4486 Xxxx
981 4426 1005 4485 2
1310 4401 1357 4482 V.
1384 4400 1469 4479 Mo·
