3792 4842
912 290 1066 378 ridentia
1089 288 1242 375 lmdia.

399 432 463 517 r'el
479 460 561 516 non
573 430 731 515 solidam
747 428 944 544 Scriptura
965 446 1339 548 interpretationem,
1359 434 1420 521 v'el
1438 464 1674 548 conceptum
1698 448 1771 520 mi·
1795 442 1802 461 ¹
1840 464 1844 471 ·

399 556 471 616 nus
488 556 705 615 accuratum
720 545 921 621 continere
937 543 1171 622 videbantur.
1206 546 1300 623 N'on
1321 545 1424 622 enim
1442 546 1583 621 inutilis
1599 542 1681 622 haec
1702 566 1770 620 cu·

398 631 618 731 riosrtasest.
670 635 970 740 Amphilochius
1002 640 1198 721 certehoc
1226 648 1389 721 nomine
1408 643 1545 723 Bafilio
1567 644 1769 732 laudatur,

398 734 507 837 qUOd
522 734 662 835 §deicht
674 734 882 852 &disperierint
896 734 987 826 deero
1005 747 1125 872 gestat
1137 736 1408 838 raimundum
1418 739 1524 844 φωνῆν
1538 747 1597 827 τᾶν
1614 737 1688 826 sco
1704 778 1770 827 τε·

396 842 428 952 ςῖ
443 839 513 922 ors
526 835 625 919 cerci
647 835 778 922 vicar
797 841 911 957 χρείαν
931 848 977 928 rr}
989 860 1084 943 uoye
1101 839 1334 961 προφέρονται.
1359 850 1473 954 odiam
1498 846 1632 936 censeret
1651 843 1771 942 absque

396 941 539 1037 diligenti
553 939 746 1037 inquistiorre
757 949 1000 1039 prooemium
1016 969 1144 1027 vum,
1162 968 1226 1043 que
1248 949 1281 1019 irr
1310 968 1517 1042 quemcrorque
1536 945 1622 1036 usion
1636 950 1677 1016 de
1693 950 1771 1021 Dee

397 1044 517 1116 veniat.
542 1035 615 1111 Sed
628 1033 714 1112 stne
725 1058 906 1125 rancore,
936 1038 1015 1117 stne
1037 1040 1282 1125 insedatione
1310 1043 1469 1118 omnia:
1506 1038 1557 1138 ἐχ
1580 1037 1684 1123 ‘irene
1716 1060 1771 1131 'ru
1817 1114 1822 1119 ,

398 1139 461 1220 τᾶν
488 1127 703 1249 συῖγςαφὲων
720 1132 976 1236 herluinus,
1004 1143 1107 1253 χάριν
1125 1135 1166 1223 di
1184 1174 1235 1230 τις
1251 1143 1311 1222 τιῖν
1328 1134 1603 1243 φιλομαῶἕντων
1621 1139 1770 1261 {uoragi

395 1230 545 1324 desetor:
570 1263 628 1312 nort
645 1257 683 1312 ut
701 1264 807 1314 rerum
819 1245 993 1338 Scriptores
1014 1244 1288 1340 reprehenderem,
1322 1268 1434 1317 verum
1459 1262 1497 1315 ut
1527 1266 1632 1318 errore
1734 1257 1770 1317 to

282 1417 290 1437 ‚
330 1412 339 1434 ‚
390 1335 517 1429 studiose
531 1337 657 1443 sedares
670 1334 875 1437 prosum:
912 1337 1246 1437 quemadmodum
1265 1337 1471 1436 Polybium
1495 1338 1634 1413 alicubi
1666 1341 1770 1439 crip-

398 1431 477 1512 utre
497 1435 670 1510 memini.
721 1435 863 1535 Neque
880 1431 991 1539 spero
1015 1459 1111 1537 aegre
1131 1435 1214 1531 fore
1223 1435 1326 1515 Viris
1352 1435 1490 1514 Dodiis
1510 1456 1625 1536 atque
1656 1439 1771 1543 inge·

396 1533 505 1618 uuis,
532 1532 669 1632 quibus
686 1533 791 1611 idem
808 1536 850 1633 in
865 1556 953 1613 mea
968 1536 1056 1627 iuris
1074 1536 1210 1615 lubens
1225 1535 1404 1614 concedo
1416 1587 1427 1621 ,
1438 1540 1478 1632 fi
1494 1564 1623 1640 quorun
1638 1541 1768 1614 uuam

299 1731 303 1739 ι
396 1634 536 1733 consequi
552 1658 610 1711 nort
631 1639 744 1719 vesco,
764 1661 895 1736 quorum
910 1641 1020 1714 multis
1035 1642 1139 1715 literis
1160 1667 1229 1715 mea
1243 1640 1363 1737 scripta
1381 1658 1609 1736 noucnrrparo,
1630 1654 1769 1738 quorem

373 1732 377 1743 '
394 1738 551 1833 inerim
566 1738 685 1834 diligo,
701 1758 831 1836 quorum
845 1765 900 1814 ore
914 1740 1067 1822 uereor,
1084 1763 1214 1839 quorum
1233 1744 1372 1814 virtutes
1389 1744 1511 1821 miror,
1533 1763 1637 1813 eorum
1656 1748 1767 1812 torrere

392 1836 477 1917 iot,
496 1839 577 1934 qvod
597 1837 693 1911 aliter
706 1834 854 1934 sepitou,
888 1865 947 1915 noo
964 1868 1001 1914 ac
1023 1845 1101 1921 'io,
1122 1867 1160 1914 ea
1176 1837 1347 1919 libertate,
1382 1844 1423 1914 ad
1439 1862 1543 1937 quaml
1562 1864 1616 1914 nos
1630 1842 1770 1914 wcauir

280 1988 288 2007 .
327 1991 337 2012 .
398 1938 572 2010 Domum:
603 1949 647 2009 ut
662 1930 798 2009 iisdem
815 1950 1006 2037 propemo
1033 1959 1101 2013 um
1119 1959 1225 2012 nunc
1250 1935 1377 2013 verbis
1399 1955 1504 2020 utar,
1541 1932 1679 2034 quibus
1704 1932 1775 2023 su·⁴

391 2053 468 2107 um
483 2054 505 2107 a
522 2029 718 2131 Cyptirno
738 2029 938 2111 dissensum
955 2037 1055 2112 olim
1075 2032 1278 2113 testabatur
1298 2029 1544 2136 Augustinus.
1603 2026 1765 2110 ‘Ptaeseo

350 2221 358 2239 ⁹
397 2133 469 2206 rim
487 2129 554 2205 ubi
570 2128 752 2217 viderint,
780 2138 846 2209 me
878 2134 970 2219 alia,
997 2158 1082 2234 quae
1109 2136 1156 2213 ab
1184 2133 1268 2236 ipsrs
1292 2134 1356 2211 vel
1378 2132 1561 2210 subtiliter
1580 2135 1763 2210 inventa.
1796 2204 1799 2209 ,

275 2236 310 2335 j]
395 2232 516 2307 velex
534 2228 749 2329 linguarum
769 2232 1013 2329 originalium
1057 2233 1285 2312 enerralibus
1306 2231 1464 2310 feliciter
1486 2251 1613 2316 eruta,
1633 2232 1695 2307 vel
1714 2252 1764 2307 ex

388 2324 734 2508 uersu
859 2259 1763 2534 *trossulus‘sdstul‘llss

714 2477 726 2515 ‚
1305 2483 1316 2518 ‚
1744 2470 1762 2489 .

275 2570 280 2575 .
388 2524 453 2615 se,
476 2548 603 2626 neque
633 2525 712 2605 stne
757 2526 894 2630 insigni
935 2531 1107 2633 ipsorum
1136 2531 1249 2610 laude
1275 2530 1432 2609 Leiiori
1461 2525 1759 2607 commendasse.

397 2628 656 2727 Competient
669 2629 799 2714 otiam,
825 2628 1029 2730 quae'bene
1046 2633 1094 2708 ab
1114 2633 1158 2711 iis
1175 2631 1272 2709 dieta
1287 2632 1417 2717 rebar,
1447 2630 1494 2708 ab
1521 2630 1601 2706 aliis
1627 2638 1762 2705 autem

390 2730 447 2805 ini
478 2730 560 2804 uius
580 2725 772 2826 sugillato,
798 2752 844 2807 ea
863 2750 930 2806 me
954 2732 1112 2809 cordate
1135 2729 1370 2832 quandoque
1396 2727 1624 2813 defendere,
1652 2728 1693 2804 dr
1710 2728 1761 2806 ab

392 2829 434 2906 in
532 2822 762 2907 absurditatis
789 2831 1046 2932 novitatisque
1064 2850 1159 2908 nota
1187 2830 1420 2931 emaculare:
1450 2829 1668 3007 mmmm
1684 2824 1760 2904 fre·

391 2946 556 3027 quenter
570 2947 614 3001 ac
635 2921 821 3012 sollicite,
840 2946 882 3005 ut
902 2923 1039 3013 harum
1057 2952 1124 3009 me
1146 2952 1276 3007 rerum
1300 2932 1468 3007 nimium
1532 2932 1539 2946 '
1569 2954 1612 3014 e,
1641 2926 1761 3004 multi

391 3024 549 3103 indubie
569 3023 777 3105 arbitraturi
795 3025 877 3104 fint.
926 3029 1065 3106 Necdu
1126 3050 1259 3107 tamen
1285 3029 1333 3107 ab
1353 3032 1486 3108 animo
1513 3050 1607 3106 meo
1635 3031 1761 3131 impe·

308 3128 314 3137 “
388 3141 488 3200 trare
505 3121 676 3223 possum,
693 3140 737 3200 ut
757 3127 836 3220 ejus
848 3150 913 3205 me
932 3132 1075 3229 ingenu
1128 3133 1173 3208 tis
1189 3133 1386 3231 poeniteat.
1424 3130 1519 3233 Qo
1545 3129 1651 3205 etiim
1671 3148 1761 3230 pac-

319 3302 320 3307 ,
389 3241 438 3299 ro
458 3220 572 3298 aliter
580 3221 703 3300 facere
723 3240 839 3327 queat
854 3230 905 3319 is,
934 3230 1002 3329 qui
1018 3252 1100 3307 non
1115 3226 1272 3308 fauloni
1289 3230 1402 3313 alicui
1415 3232 1471 3306 im
1499 3230 1648 3312 licitus,
1673 3246 1760 3304 non

389 3317 564 3403 humano
579 3325 732 3402 nomini
742 3330 1003 3428 mancipatus,
1030 3353 1111 3406 non
1125 3325 1195 3405 suis
1214 3332 1422 3407 aliorumve
1441 3254 1760 3405 aseliibusobse'·

317 3478 322 3485 ,
391 3419 586 3508 cundens,
606 3418 676 3507 soli
692 3424 850 3502 Veritati
870 3424 1105 3506 sacramento
1125 3428 1238 3512 dixits
1266 3451 1419 3527 neque,
1446 3453 1468 3504 a
1491 3448 1573 3526 quo
1592 3424 1685 3524 quid
1703 3425 1760 3502 di·

391 3540 520 3605 catur,
537 3540 642 3596 curat
658 3519 720 3598 sed
738 3525 830 3625 quid
847 3526 1011 3603 dicatur?
1039 3529 1119 3632 Qi
1137 3551 1272 3629 pacem
1289 3526 1650 3623 Hierosolymorum
1674 3523 1760 3602 dili·
1796 3622 1802 3627 .

391 3622 472 3721 git,
492 3620 771 3700 controversias¹
782 3624 1012 3727 compositas
1037 3648 1154 3726 quam
1182 3629 1448 3730 multiplicatas
1474 3625 1646 3701 mavult:
1698 3646 1760 3699 ea·

391 3742 470 3818 que
489 3721 657 3797 innocua
676 3721 770 3808 else,
800 3726 861 3801 vel
882 3727 986 3803 utilia
1004 3730 1142 3813 etiam,
1160 3750 1250 3803 cum
1270 3727 1411 3826 gaudio
1426 3724 1565 3809 discet,
1592 3745 1675 3820 quae
1700 3723 1759 3796 in-

373 3816 537 3911 ‚vidiose
550 3820 601 3897 'ab
612 3821 693 3899 aliis
712 3822 755 3897 in
771 3819 941 3922 litigandi
960 3830 1157 3904 materiam
1172 3823 1379 3904 trahuntur.
1413 3825 1574 3904 Merito
1595 3818 1757 3920 quidem

388 3913 559 4018 displicet
573 3920 736 3999 cordatis
752 3924 934 4003 omnibus
959 3926 1048 4011 illa,
1091 3951 1175 4028 quae
1201 3926 1377 4025 grassatur
1406 3919 1549 4004 hodie,
1581 3921 1759 4020 ingenio·

389 4034 479 4093 tum
505 4022 752 4118 protervitas,
777 4017 964 4125 sapienter
996 4047 1165 4129 reperta,
1192 4028 1230 4104 dc
1259 4024 1407 4129 semper
1437 4018 1582 4125 placida
1609 4036 1758 4133 temere

390 4133 563 4202 vertens,
589 4118 815 4220 dogmaticis
831 4125 1006 4225 primum'
1019 4127 1221 4228 impetitis,
1241 4147 1335 4201 mox
1350 4124 1398 4201 ad
1414 4141 1641 4199 arcanorum
1663 4136 1756 4201 uan-

390 4214 584 4293 ciniotum
598 4218 809 4311 audacem,
836 4219 901 4301 sed
917 4225 1103 4302 ludicram
1127 4220 1244 4328 saepe,
1271 4221 1625 4327 interpretationem
1657 4213 1757 4296 inso-

390 4311 512 4399 lenter
541 4340 827 4427 prorumpens,
852 4323 898 4407 lis
919 4328 1036 4406 etiam
1064 4327 1105 4409 in
1124 4326 1394 4408 vaticiniorum
1422 4315 1757 4403 ceufiunridicule
1885 4394 1886 4397 t
