3792 4842
651 180 904 266 DsMuuuna‘
1032 247 1056 256 -
1222 231 1226 238 ι
1396 195 1489 284 617·

89 315 251 417 affatim
270 322 353 396 aaa
377 316 515 417 pariana.
565 319 734 401 Attamen
761 333 957 402 contentos
982 315 1055 402 nos'
1078 318 1146 401 else
1167 330 1316 419 oportet
1329 321 1472 402 liberri-
1489 334 1632 413 aarum,

91 449 144 516 ma
163 449 206 503 ac
223 420 472 525 sapientissima
492 419 605 501 Patris
624 424 735 500 nostri
762 421 1057 523 dispensatione,
1084 420 1271 500 humiliter
1293 423 1469 502 confiten-
1490 437 1620 519 mann-

90 539 172 611 (τε,
207 550 256 604 ne
285 525 436 601 minima
463 521 612 625 quidem
642 526 737 603 mica
766 546 835 600 nos
866 521 935 601 elle
960 523 1106 623 dignos·
1156 521 1296 622 Siquis
1320 501 1625 609 autem‚¹¹¹“⁰d⁰·

90 624 220 706 Divina
244 622 525 710 benedittione,
553 623 636 722 plue
662 625 799 701 caeteris
821 621 1005 722 collegisse
1031 621 1346 723 deprehendatur,
1371 623 1471 703 illius
1620 678 1632 690 -

90 729 167 815 eli,
207 723 464 802 abundantiam
493 721 591 800 suam
613 726 652 799 in
674 745 876 803 commune
895 724 1091 810 conferre,
1118 722 1366 802 &donorum
1388 721 1470 801 suo·

89 849 167 905 rum
185 825 349 904 ubertate
368 824 526 901 aliorum
541 825 676 924 inopia
690 820 908 901 succurrere.
1495 894 1500 904 .

130 913 231 1005 LVI.
256 923 395 1002 Manna
421 924 556 1002 seruata
583 925 623 1000 iu
643 922 743 1001 diem
759 923 970 1025 sequentem
990 941 1138 1004 currum
1167 924 1319 1008 ebatur,
1344 944 1391 1002 ne
1420 946 1467 1004 ue
1497 920 1604 1016 ,Μ

92 1025 246 1127 amplius
265 1025 367 1125 panis
388 1024 547 1102 usuarius
568 1022 707 1100 nedum
733 1021 993 1101 sacramentalis
1017 1035 1103 1101 erat.
1139 944 1203 1101 ¹Sjic
1225 948 1468 1120 &punish-
1485 994 1610 1139 nentia.

89 1125 314 1212 cbaristicus,
345 1125 409 1225 qui
429 1124 576 1202 Maroae
596 1124 781 1223 antitypus
799 1124 871 1213 est,
900 1138 1001 1203 extra
1027 1123 1129 1200 usum
1150 1124 1329 1221 temporis
1347 1122 1463 1208 illius,
1486 1097 1625 1221 {22¹}me

89 1249 159 1328 quo
179 1225 406 1303 distribuitur
433 1223 824 1314 admanducandum,
851 1227 986 1303 amittit
1011 1227 1084 1300 vim
1109 1223 1350 1303 sacramenti:
1378 1223 1415 1300 ἃ
1438 1222 1464 1300 si
1485 1259 1673 1322 mesonpa..

88 1324 250 1405 adversus
263 1337 486 1424 praeceptum
508 1321 583 1402 Dei
601 1325 782 1410 retineas,
813 1324 901 1403 loco
925 1325 1115 1427 spiritualis
1138 1325 1240 1413 elbi,
1267 1345 1384 1423 pravae
1409 1319 1464 1401 su·
1480 1321 1576 1385 batur·

86 1425 303 1530 perstitionis
321 1445 462 1502 vermes
482 1426 649 1524 reperies.
698 1421 819 1502 Pridie
843 1424 989 1505 Sabbari
1018 1424 1258 1522 colligebatur
1278 1423 1461 1521 duplum,
1480 1405 1599 1502 ’ΨΜ
1621 1481 1625 1488 .

87 1531 187 1626 cujus
201 1524 285 1612 ubas
306 1525 345 1602 in
367 1524 465 1616 diem
484 1527 616 1626 quietis
634 1536 733 1617 erat3
762 1524 898 1605 eodem
916 1524 1158 1606 hebdomada
1172 1524 1232 1601 die
1253 1571 1265 1608 s
1300 1522 1463 1624 duplica-
1484 1483 1647 1650 {1221}ssss

87 1639 126 1705 to
145 1626 278 1706 animae
300 1622 435 1705 Christi
455 1622 614 1714 labore,
644 1635 741 1702 tanta
761 1624 881 1704 eledlis
899 1628 1022 1730 gratiae
1042 1623 1185 1702 ubertas
1206 1635 1306 1721 parta
1325 1625 1397 1712 est,
1423 1634 1464 1701 ut
1485 1644 1579 1708 taem.

78 1726 127 1812 ‚iis
149 1740 288 1832 aeterno
316 1746 469 1828 quoque
498 1723 657 1804 Sabbato
685 1721 849 1806 satiandis
869 1723 1089 1827 beandisque
1117 1717 1276 1801 sufficiat.
1328 1721 1466 1822 Neque
1508 1724 1655 1800 zaceus

87 1826 329 1906 metuendum
347 1825 427 1913 est.
463 1846 536 1913 nt,
553 1846 642 1926 quae
664 1825 703 1904 in
731 1849 817 1903 eum
838 1827 946 1916 diem
968 1824 1125 1924 reposita
1148 1824 1247 1911 sunt,
1275 1822 1467 1919 spiritualia
1486 1805 1627 1904 sesanna

85 1926 184 2005 dona
205 1927 279 2006 ulla
296 1923 535 2027 corruptione
561 1926 747 2004 vitientur.
805 1924 980 2030 Denique
1006 1927 1232 2004 conservatio
1256 1924 1405 2004 Manna
1420 1925 1467 1998 -in
1487 1907 1643 2030 msera·

84 2048 177 2104 urna
194 2050 322 2116 aurea,
341 2028 391 2102 aa
412 2025 448 2104 se
476 2023 582 2103 ofitio
603 2025 767 2122 ejusdem
787 2029 826 2104 in
850 2025 1110 2114 tabernaculo,
1138 2022 1414 2124 coramJehova
1428 2023 1467 2098 dr
1505 2066 1555 2122 ις,
1569 2050 1657 2112 um,

84 2125 322 2216 testimonio,
347 2124 437 2224 llgu‘
464 2126 589 2215 sabat,
615 2147 726 2216 eum,
752 2126 877 2227 quide
895 2126 998 2206 coelo
1013 2123 1271 2216 descenderat,
1299 2136 1342 2201 ut
1362 2123 1466 2223 panis
1486 2149 1638 2199 rueme·-

82 2228 166 2305 vitae
196 2223 343 2306 homini
370 2227 555 2324 peccatori
576 2222 689 2312 esset,
715 2230 847 2303 iterum
866 2227 905 2302 in
940 2223 1083 2302 coelum
1106 2221 1297 2303 assumtum
1320 2226 1384 2312 iri,
1427 2222 1467 2297 dc
1487 2216 1627 2286 ‘mlh‘

80 2326 119 2403 in
148 2323 350 2403 santluario
363 2320 460 2399 fsroe
490 2325 658 2399 manibus
693 2323 820 2408 satio,
854 2346 896 2401 ac
915 2329 988 2402 vita
1005 2336 1206 2424 perpetua,
1232 2344 1357 2401 coram
1378 2319 1467 2399 Deo
1487 2292 1575 2356 ω’·

78 2425 167 2505 sore
190 2448 200 2497 :
227 2424 327 2505 uode
350 2423 388 2499 da
408 2423 629 2500 communio
643 2445 731 2501 cum
748 2422 939 2502 Christoin
960 2425 1095 2524 gloria,
1114 2427 1240 2495 Manna
1256 2422 1470 2516 absconditur

76 2536 337 2620 nuncupatur.
361 2525 428 2614 Ap.
450 2540 499 2597 ιι.
517 2541 568 2611 17.
618 2519 769 2601 Interim
791 2525 995 2602 cavendum
1017 2524 1125 2600 noble
1142 2537 1227 2601 ante
1245 2527 1398 2611 omnia,
1419 2547 1470 2606 ue
1509 2531 1617 2596 aava·

79 2646 176 2716 cum
196 2623 345 2721 ingratis
360 2620 523 2702 Israelitis
537 2621 583 2701 ad
602 2620 902 2724 incomparabiles
916 2623 1071 2703 coelestis
1082 2627 1206 2725 gratia
1222 2623 1368 2702 delicias
1381 2646 1471 2701 nau·
1489 2611 1577 2673 ‘¹⁰³⁸

79 2721 251 2811 seantee,
275 2725 364 2802 iisse
382 2722 517 2801 mundi
531 2720 639 2819 buius
659 2718 800 2825 siliquas
814 2724 1071 2816 anteferentes,
1097 2725 1135 2802 in
1153 2722 1370 2819 justilsrmam
1382 2746 1471 2804 con·
1489 2696 1607 2838 m}
1651 2813 1655 2820 ⁴

81 2824 221 2924 tempti
241 2825 404 2903 numinis
423 2821 620 2902 sinaitam
641 2822 878 2903 incurramus.

129 2958 254 3040 LVII·
281 2959 355 3043 Sed
377 2960 737 3065 quandoquidemai
763 2956 831 3038 ira-i
860 2960 978 3066 τρυφᾷ
997 2959 1249 3065 memmiae
1265 2955 1317 3062 μιὶ
1338 2961 1470 3076 crepis.
1511 3007 1637 3084 Aqum

82 3070 192 3166 τῷ,
229 3057 315 3150 ridde
344 3065 437 3160 ier,
474 3067 542 3145 cibi
562 3071 708 3168 gratia,
743 3086 820 3162 posu
848 3072 1032 3163 dqsitura,
1067 3072 1152 3148 nihil
1169 3070 1238 3157 ass.
1263 3075 1318 3151 uti
1335 3072 1471 3156 Mosen
1489 3086 1585 3166 Rupe·
1654 3075 1658 3082 ’

81 3171 171 3256 Deo
196 3175 383 3257 dicentem
403 3175 604 3257 introducit
625 3176 788 3275 Joseplus
815 3202 828 3272 ;
870 3180 908 3256 ἄ
938 3183 1024 3284 quia
1052 3181 1256 3284 plenitudo
1272 3179 1437 3261 satietatis
1458 3237 1470 3270 ‚

82 3300 166 3378 quaa
186 3281 228 3355 in
251 3273 397 3358 Chrillo
416 3279 498 3377 est,
534 3281 647 3356 veteri
673 3280 819 3380 populo
840 3302 918 3357 non
938 3283 1061 3359 minus
1078 3305 1189 3383 quam
1211 3281 1322 3361 nobis
1345 3281 1474 3362 adum-

82 3378 181 3455 brari
202 3377 338 3456 debuit
364 3401 377 3449 r
413 3377 501 3456 hinc
522 3390 656 3477 potum
682 3400 785 3480 aeque
814 3377 1074 3459 miraculosum
1105 3404 1216 3483 quam
1243 3380 1345 3462 cibus
1370 3394 1472 3474 erat,

81 3473 239 3563 Israeli,
267 3480 408 3556 iterum
432 3475 701 3565 murmuranti,
735 3476 872 3558 Divina
900 3476 1047 3558 indulfit
1080 3480 1287 3562 clementia.
1339 3481 1472 3578 Quum

82 3580 184 3655 enim
207 3574 269 3654 siti
288 3577 452 3679 populus
475 3589 697 3665 tentaretur,
723 3601 843 3680 neque
863 3601 996 3681 aquam
1017 3577 1083 3658 fibi
1112 3579 1269 3681 filiisque
1287 3580 1384 3670 suis,
1410 3603 1474 3658 na-

83 3677 175 3754 dum
199 3677 361 3778 pecori,
390 3680 429 3753 in
454 3676 596 3754 torrido
620 3675 758 3756 deserto
784 3682 980 3778 reperiret,
1010 3678 1158 3770 Moses,
1183 3679 1258 3759 Dei
1271 3678 1386 3779 jussu,
1413 3699 1473 3758 ru·
1591 3755 1598 3768 ,

84 3791 176 3877 pem·
189 3836 201 3868 ,
232 3799 315 3878 quae
334 3779 372 3856 in
395 3774 523 3874 Horeb
550 3776 600 3853 est
626 3832 638 3867 ,
672 3778 712 3854 in
732 3781 817 3875 cuju
858 3776 1065 3859 summitate
1089 3780 1269 3880 praesentis
1299 3779 1473 3858 Numinis

83 3875 249 3977 gloriosa
273 3875 439 3972 Maiestas
466 3873 777 3976 conspiciebatur,
802 3802 933 3958 dacusa
955 3879 1021 3961 suo
1044 3885 1276 3980 percutiens,
1301 3880 1355 3958 lar
1401 3904 1472 3958 aa·

111 4000 250 4061 rurum
280 3999 388 4056 venas
408 3978 560 4075 aperuit.
587 3977 687 4052 lixas.
711 3992 998 4058 xv11.1--6.
1037 4055 1041 4060 ,
1065 3977 1280 4059 Celebratur
1300 3982 1340 4056 in
1374 3981 1472 4060 steria

132 4081 208 4154 cris
236 4073 363 4178 paslim
380 4075 418 4152 id
437 4075 664 4154 miramrlum.
689 4073 743 4163 Ps
768 4097 970 4155 aarum.
991 4095 1047 4172 ις.
1072 4094 1128 4157 16.
1183 4084 1420 4177 naeraarupes
1437 4086 1474 4155 in

84 4177 214 4272 deserto
233 4200 245 4265 ,
271 4191 311 4248 ut
323 4194 430 4268 potum
443 4173 598 4276 probare
621 4181 658 4253 sn
668 4173 781 4275 abyffir
802 4175 986 4272 pimenem.
1036 4179 1311 4275 Educensflaenta
1325 4201 1474 4275 epatre,

85 4279 131 4360 <p
177 4276 357 4354 demittens
398 4295 550 4376 tanquam
601 4277 739 4375 simine
776 4303 891 4378 aquae.
970 4279 1134 4375 Quidam
1180 4305 1310 4382 rupem
1360 4284 1476 4385 ipsam

86 4381 126 4464 in
153 4397 339 4478 aquarum
363 4378 487 4460 latices
507 4379 646 4462 vertisse
669 4381 914 4473 arbitrantur,
935 4401 993 4476 ,ax
1011 4377 1065 4477 rs.
1085 4404 1192 4465 exre·
1217 4395 1251 4475 8.
1300 4380 1379 4480 Ubi*
1399 4382 1478 4461 vul-

136 4469 375 4561 urceum
532 4585 536 4588 ,
773 4477 906 4590 ξἸἱίί
1221 4560 1224 4567 1
1360 4495 1479 4583 gatus,
1604 4583 1609 4592 ᾗ
1720 4507 1728 4530 2
1864 4503 1865 4580 q
